2776 4964
639 659 851 727 VERMES.

304 841 398 917 rium,
424 856 520 918 aeque
542 843 664 898 attente
685 832 765 916 legit
786 832 911 897 summa
931 831 1100 915 sapientia,
1127 852 1170 895 ac
1186 851 1267 897 care
1281 832 1349 897 emit

266 932 272 945 '
304 933 429 996 erudita
457 930 598 1009 luxuria,
630 928 854 1011 aquisquiliis
878 927 934 1010 (c),
963 925 1005 990 ad
1026 923 1254 1008 Ammirales,
1278 926 1349 993 Sca·

303 1026 441 1104 laresve‚
476 1025 657 1108 Margaritis
687 1024 734 1104 (d)
770 1022 831 1086 suis
858 1021 1081 1105 pretiosiores,
1120 1041 1212 1103 quas
1246 1021 1351 1087 Artisi-

305 1141 379 1185 cum
392 1119 531 1202 politura
542 1117 687 1182 vitiando
699 1116 857 1198 nobilitat,
876 1124 913 1179 ut
926 1113 1096 1197 pulchrius
1107 1125 1232 1198 pateat
1242 1117 1276 1182 in
1287 1116 1351 1181 Tri·

304 1218 391 1280 tonis
422 1214 598 1279 COCHLEIS
634 1212 749 1276 vividis
787 1212 829 1275 ad
866 1215 1055 1290 Umbi'licum,
1093 1215 1260 1293 Apertum
1285 1232 1350 1277 clim

306 1316 407 1375 Labra
423 1308 582 1372 exteriore
597 1308 798 1385 interioreve,
823 1305 907 1388 saepe
927 1305 1062 1368 dentato
1079 1307 1124 1368 ad
1146 1310 1348 1372 Columellnn.

306 1407 391 1468 circa
412 1423 511 1486 quam
527 1406 624 1486 Spiroe
638 1408 804 1483 Anfractus
826 1401 934 1479 laeves,
959 1397 1082 1479 sulcati,
1110 1398 1230 1481 striati,
1257 1423 1352 1486 angu-

308 1499 378 1579 lati,
404 1497 532 1578 nodosi,
558 1496 705 1575 aculeati,
731 1494 855 1579 spinosi,
881 1493 1020 1558 frondosi
1042 1513 1154 1577 usque
1179 1497 1217 1560 in
1240 1503 1352 1562 Macri»

309 1618 371 1677 neni
397 1594 514 1675 apicis;
547 1591 635 1656 &ut
657 1591 817 1653 intueatur
838 1590 870 1652 in
893 1588 1030 1652 Veneris
1050 1588 1224 1655 CoNcHls
1246 1592 1351 1656 vividi<

308 1686 412 1767 lenis,
438 1687 588 1751 testarum
603 1686 711 1749 nativa
724 1686 825 1768 paria,
845 1684 1095 1747 determinatam
1112 1685 1273 1768 figuram,
1290 1687 1350 1750 val-

308 1782 397 1845 vulas
415 1781 579 1862 (sinistram
595 1779 624 1843 81
639 1780 799 1862 dextram)
817 1778 961 1860 aequales
983 1778 1002 1841 l.
1026 1779 1227 1861 inaequales,
1254 1784 1349 1865 aequi·

310 1879 425 1941 lateres
434 1877 453 1939 l.
464 1873 716 1957 inaequilateres;
732 1873 864 1938 inferius
876 1874 1027 1937 dentatos
1038 1877 1351 1942 Cardinesinterllii-

309 1985 348 2036 tes
363 1971 554 2050 umbonum,
578 1969 736 2054 posterius
750 1975 813 2032 Ani
828 1967 1059 2049 impressuram,
1084 1974 1239 2034 anterius
1261 1977 1350 2035 iidoc

308 2069 437 2146 rimam,
474 2071 576 2129 labiis
605 2070 814 2148 Nymphisque
843 2065 1088 2143 conniventem,
1126 2071 1268 2146 Hymen
1297 2067 1351 2131 ob

309 2160 442 2241 tesiam,
469 2161 609 2223 exterius
631 2164 783 2240 Marginis
805 2159 971 2222 ambitum.
1023 2158 1174 2223 Meretur
1198 2162 1350 2245 imprimis

313 2257 472 2337 inquirere
484 2257 515 2318 in
528 2253 676 2319 fossilium
689 2253 788 2317 hodie
804 2253 1045 2336 deperditorum
1062 2263 1227 2338 protypa,
1247 2257 1350 2339 impri-

312 2353 372 2413 mis
395 2356 598 2426 Anomiamm‚
622 2347 720 2429 abyssi
743 2347 880 2426 cimelia,
907 2368 981 2410 cum
1004 2346 1066 2409 alia
1091 2347 1152 2412 sint
1179 2357 1348 2434 Terrestrin.

311 2452 394 2509 Lorii
418 2452 477 2521 ria,
504 2450 648 2521 littoreo,
673 2448 843 2523 Maritima,
869 2447 993 2523 Pelagio
1015 2441 1087 2505 alia.

155 2633 446 2701 LITHOPHYTA
470 2632 638 2711 Mollusca,
669 2630 863 2694 animalcula
885 2630 1063 2713 composita
1086 2630 1263 2711 testarum,
1291 2634 1348 2696 Te

312 2730 431 2811 stisque
453 2729 571 2790 innixa.
612 2731 744 2790 Corallia
763 2726 836 2789 haec
850 2724 940 2808 piisci
955 2725 1082 2808 plantas
1099 2729 1187 2791 a'e'ris
1204 2727 1347 2794 contasti

312 2823 543 2907 lapidescentes
562 2821 759 2902 judicabant,
785 2820 838 2884 sed
853 2821 1087 2883 recentioribus
1111 2824 1216 2886 etiam
1240 2845 1281 2888 ex
1302 2823 1348 2887 suo

312 2919 431 2981 semine
454 2917 596 2998 Lapides
619 2918 813 2998 germinare,
840 2915 996 2998 imprimis
1019 2915 1063 2978 ob
1087 2915 1275 2983 calcaream
1296 2918 1350 2980 ho·

311 3035 382 3077 rum
406 3010 549 3075 indolem
572 3010 644 3088 visa,
672 3031 775 3092 usque
798 3013 876 3074 dum
892 3014 1044 3092 Marfiglii
1064 3011 1241 3095 diligentia
1255 3024 1349 3078 extia-

312 3119 404 3171 xerat
427 3129 444 3169 e
468 3108 546 3169 mari
563 3105 699 3169 Corallia
713 3105 898 3187 vegetantia
912 3104 1046 3168 floribus
1061 3103 1247 3172 hexandris
1261 3108 1348 3172 heva·

315 3204 442 3285 petalis,
469 3223 488 3264 a
511 3198 664 3265 contasiu
688 3201 769 3262 aeris
791 3199 821 3261 se
844 3198 1122 3274 contrahentibus,
1147 3201 1253 3285 inque
1275 3224 1349 3285 aqua

315 3301 423 3362 denuo
445 3298 683 3380 expandendis3
708 3306 740 3359 at
756 3296 871 3359 eadem
887 3294 1077 3376 tempestate
1094 3301 1284 3379 I’cfflncllus
1294 3299 1350 3365 eo

314 3392 401 3456 rallia
425 3414 466 3454 ex
488 3391 686 3455 animalculis
710 3390 867 3470 sabricari,
901 3388 983 3453 ultra
1011 3388 1152 3454 seculum
1183 3393 1260 3474 post
1281 3414 1349 3459 ean

315 3489 389 3551 dem
402 3488 490 3569 apud
502 3487 707 3568 sapientiores
719 3487 814 3548 indos
826 3494 926 3548 ratam
940 3483 1129 3549 sententiam
1144 3487 1204 3569 (e),
1218 3491 1348 3573 primun

314 3583 394 3645 vidit
423 3584 478 3644 vix
508 3581 702 3659 audiendus,
740 3580 795 3644 nisi
833 3585 1007 3643 Tremblceus
1040 3580 1176 3660 Hydras
1211 3587 1349 3649 omnium

315 3678 526 3741 admiratione
539 3676 718 3755 detexisset,
734 3674 815 3738 &ad
828 3673 935 3737 littora
946 3674 1086 3738 curiosos
1097 3674 1281 3759 allicuisiet,
1292 3698 1349 3762 quo

314 3774 365 3834 via
388 3794 446 3853 per
468 3778 567 3855 Ellifii
586 3771 776 3836 Sertularias
799 3772 840 3834 ad
864 3768 1000 3834 Corallia
1022 3779 1136 3854 aperta
1157 3771 1232 3839 suit

1253 4196 1350 4262 200-

177 4348 204 4413 c)
222 4349 451 4416 Speculum-gods
469 4351 553 4413 vulgo.

177 4419 205 4483 d)
223 4418 418 4483 Margadtarum
436 4419 478 4467 dos
496 4420 526 4467 in
546 4418 668 4476 Candore,
688 4417 882 4484 Magnitudinr.
910 4418 985 4479 Orbe,
1009 4418 1123 4482 leiim,
1144 4422 1271 4487 Pondere,
1288 4424 1350 4475 I'sir.

222 4487 265 4536 IX
270 4507 277 4534 :
296 4497 338 4551 35.
377 4487 550 4553 Pretioſssſsma
571 4487 709 4552 Cleopatra
726 4489 839 4536 Antonio
858 4489 972 4553 inpostea,
991 4487 1051 4539 ibid.

164 4553 202 4618 (e)
222 4557 331 4620 Rumpi.
352 4557 414 4621 maſs
437 4565 491 4619 152.
511 4555 613 4606 adiab.
633 4554 672 4607 16.
702 4556 733 4606 F.
