2730 5084
357 601 606 666 MAMMALIA
629 602 861 670 PRIMATES.
909 607 1031 670 Hom0.

108 778 200 837 Euro-
255 776 284 860 β.
308 774 409 845 albus
436 774 640 857 sanguinem,
666 777 800 840 torosus.

113 876 206 943 poeus.
296 866 370 924 Pilis
385 861 629 924 flavescentibus
644 862 786 944 prolixis.
826 863 938 928 Oculis
962 867 1117 929 caeruleis.

296 952 393 1023 Leuis,
419 946 627 1028 acutissrmus,
653 949 810 1013 inventor.

302 1038 420 1113 Tegimr
441 1031 650 1097 Vestimentis
672 1033 777 1100 urstis.

295 1125 420 1199 Regitur
440 1120 581 1183 Ritibus.

108 1279 206 1354 ssiati-
250 1300 280 1359 γ.
304 1274 436 1353 luridus,
456 1273 718 1353 melancholicus,
738 1275 870 1358 rigidus,

127 1384 185 1422 cus.
295 1366 371 1425 Pilia
392 1361 636 1444 nigricantibus.
681 1366 781 1425 Oculis
804 1361 909 1424 fuscis.

295 1450 430 1526 Seuerus,
457 1446 622 1526 fastuosus,
649 1467 774 1510 avarus.

299 1537 420 1612 Tegitur
440 1534 642 1596 Indumentis
664 1533 756 1596 laxis.

296 1624 424 1698 Regitur
443 1619 674 1701 Opinionibus.

661 1913 687 1974 s
711 1934 728 1991 3
1184 1915 1212 1977 u.
1238 1916 1285 1977 nr-

108 2048 269 2099 t‘aruralirer:
305 2050 343 2100 Te
373 2051 479 2100 audacis
508 2059 604 2101 naturae
633 2053 796 2109 miraculum,
829 2051 988 2101 Animalium
1017 2052 1177 2118 Principem,
1214 2055 1286 2118 cujus

162 2119 248 2168 mussa
266 2117 358 2169 cundia
376 2120 466 2183 genuit
483 2128 581 2182 natura,
602 2120 651 2170 else
670 2121 765 2171 animal
783 2119 856 2185 flens,
878 2120 975 2182 ridens,
995 2120 1140 2182 melodum,
1166 2122 1285 2187 loquens,

161 2188 263 2246 docile,
288 2188 419 2251 judicans,
447 2190 590 2252 admirans,
617 2189 834 2255 sapientissimum
863 2187 907 2239 sed
934 2189 1038 2254 fragile,
1065 2191 1175 2253 nudum,
1197 2191 1286 2257 suapte

160 2264 251 2305 nature
272 2256 381 2316 inerme,
404 2258 439 2306 ad
468 2274 572 2308 omnem
594 2258 702 2308 sortunae
726 2257 910 2308 contumeliam
932 2256 1084 2323 projectum,
1113 2259 1205 2309 alienae
1227 2261 1285 2326 opis

160 2325 289 2390 indigens,
316 2326 398 2376 anxiae
424 2327 518 2377 mentis
546 2326 715 2393 sollieitaeque
738 2327 838 2390 tutelae,
866 2327 976 2392 precarii
1005 2327 1114 2392 spiritus,
1144 2329 1285 2394 pertinacis

162 2393 222 2457 spei,
248 2395 361 2458 querulae
385 2395 451 2459 vitae,
475 2397 555 2445 tardae
578 2395 714 2461 sapientiae.
757 2397 895 2461 Temporis
923 2397 1058 2446 annihilati
1087 2398 1195 2448 emortui
1221 2414 1286 2447 con-

163 2473 307 2524 temtorem,
327 2464 458 2528 praesentis
476 2465 555 2514 vividi
573 2465 782 2530 dilapidatorem,
808 2465 885 2514 futuri
903 2466 975 2514 dubii
993 2466 1171 2516 aestimatorem
1190 2467 1215 2516 in
1235 2467 1287 2516 vita

160 2532 267 2591 volucri,
288 2533 468 2596 pretiosissima,
493 2534 668 2596 irrevocabili,
695 2534 727 2584 stc
753 2535 852 2599 optima
880 2550 988 2598 quoeque
1013 2536 1071 2585 dies
1095 2535 1191 2585 miseris
1216 2552 1287 2585 mor-

159 2602 254 2650 talibus
279 2601 325 2649 aevi
349 2602 432 2667 prima
455 2603 535 2667 sugit,
563 2603 641 2652 alium
669 2605 703 2653 ad
731 2603 910 2667 quotidianum
936 2620 1002 2668 opus
1027 2604 1158 2654 laboriosa
1180 2605 1285 2669 Egestas

160 2679 250 2728 vocat;
277 2670 355 2720 alium
378 2672 463 2720 Luxus
486 2673 636 2731 incarcerat,
661 2672 808 2737 altilemque
832 2671 952 2733 suffocat3
979 2672 1057 2721 alium
1075 2673 1191 2723 Ambitio
1209 2690 1285 2723 num-

159 2754 237 2803 quam
256 2739 343 2803 quieta
361 2739 492 2800 sollicitat3
518 2741 581 2790 alius
604 2741 715 2804 Divitiis,
741 2757 803 2806 quas
829 2748 972 2805 optaverat,
999 2742 1095 2803 metuit,
1120 2743 1142 2791 dt
1166 2752 1228 2793 voto
1246 2743 1285 2792 la·

158 2808 236 2856 borat
264 2808 322 2868 su0;
356 2809 435 2858 alium
463 2809 595 2872 Solitudo,
620 2810 698 2860 alium
730 2809 831 2874 semper
863 2810 1016 2859 vestibulum
1052 2811 1172 2860 obsidens
1203 2813 1285 2862 turba.

159 2876 211 2925 Hic
231 2876 256 2926 se
273 2877 372 2928 habere
390 2879 464 2928 dolet
486 2879 603 2938 Liberos,
628 2880 670 2928 hic
696 2879 721 2928 se
745 2878 900 2944 perdidisse;
925 2880 1057 2942 Lacrymae
1081 2880 1157 2930 nobis
1176 2882 1285 2930 deerunt

158 2954 299 3010 antequam
317 2947 406 2996 caullae
426 2947 541 2996 dolendi.
578 2948 629 2996 Sed
649 2964 782 3012 quousque
802 2964 850 2996 nos
869 2947 952 2997 malos
971 2948 1056 2998 nostra
1074 2950 1143 2997 mala
1160 2965 1282 3013 rapuere:

159 3014 326 3065 circumferre
350 3016 474 3080 pericula,
499 3032 574 3065 mere
598 3017 623 3065 in
648 3017 760 3081 ignotos,
784 3017 861 3065 iratos
885 3016 935 3064 stne
958 3016 1058 3080 injuria,
1081 3017 1195 3067 serarum
1213 3034 1285 3068 more

160 3085 285 3133 occidere
309 3100 386 3150 quern
412 3100 465 3133 non
491 3086 630 3145 oderimus,
657 3085 782 3135 secundos
807 3092 898 3149 optare
917 3093 1016 3145 ventos,
1043 3102 1152 3150 quorum
1175 3087 1284 3137 felicitas

159 3152 196 3201 eu
214 3153 249 3202 sd
267 3153 338 3202 bella
357 3154 486 3218 perterre3
512 3170 602 3218 pamm
620 3153 742 3204 videlicet
761 3156 794 3204 ad
812 3161 909 3203 mortes
928 3154 1026 3203 nostras
1044 3163 1113 3205 terra
1131 3156 1182 3205 late
1200 3164 1280 3219 patet.

157 3220 242 3270 Smer.
260 3221 355 3272 Curua
364 3223 512 3271 animantia
521 3225 670 3287 congregari
678 3230 763 3272 contra
774 3224 913 3289 drffimilia,
924 3222 991 3271 atH
989 3224 1069 3272 omini
1074 3224 1189 3288 plurima
1199 3240 1229 3274 rx
1238 3226 1281 3272 ltu-

161 3292 229 3340 rm'nc
246 3292 324 3340 mala.
362 3291 432 3339 Plin.

108 3356 211 3408 'elilim
235 3359 275 3408 Te
298 3358 363 3409 resti
381 3359 443 3410 loco
462 3368 552 3410 tenere
575 3375 688 3410 errorem
712 3361 845 3426 publicum
870 3359 979 3423 fastum,
1004 3361 1049 3425 qui
1072 3368 1098 3410 te
1121 3362 1163 3411 vix
1183 3361 1286 3411 enixum

157 3426 350 3478 consuetudinis
376 3429 448 3479 larva
474 3430 568 3491 induit,
595 3430 683 3490 nutrit,
710 3431 813 3490 educat,
843 3430 900 3490 alit,
929 3429 1009 3494 regit,
1038 3429 1179 3480 secundum
1210 3446 1286 3494 quam

156 3495 288 3557 honestus,
308 3497 391 3558 sortis,
411 3496 520 3562 sapiens,
540 3509 659 3559 moratus,
679 3499 736 3562 pius
756 3499 918 3558 existimaris;
944 3499 1008 3547 Cum
1034 3500 1191 3564 gubernatus
1218 3499 1286 3562 Opi-

157 3565 240 3614 nione
263 3567 334 3616 vivas
359 3567 393 3615 ad
419 3566 644 3630 Consuetudinem,
669 3583 719 3617 nec
744 3569 777 3617 ad
803 3569 951 3617 Rationem.
993 3567 1040 3628 Te,
1066 3568 1133 3616 inter
1157 3567 1286 3632 perituros

157 3634 329 3696 coustitutum,
355 3651 415 3684 cum
439 3636 502 3684 nulli
528 3637 637 3700 contigit
659 3636 765 3701 impune
789 3636 870 3697 nasci,
896 3635 1017 3685 beneficii
1042 3637 1101 3685 loco
1132 3643 1233 3700 petere,
1259 3643 1287 3685 ut

156 3703 261 3752 ultimus
279 3705 409 3753 cervicem
429 3706 559 3768 praebeas,
584 3707 645 3754 dum
663 3705 777 3766 interim,
805 3705 876 3754 dulci
900 3705 1004 3754 fortuna
1029 3705 1126 3764 ebrius,
1153 3705 1285 3769 colligen-

157 3771 195 3820 do
213 3773 241 3820 in
261 3773 398 3822 erastinum
416 3773 535 3838 Lapillos
554 3774 663 3823 sortunae
687 3783 778 3833 certas,
803 3773 890 3824 verbis
914 3774 941 3822 in
960 3773 1073 3822 sutorem
1096 3773 1188 3837 ageris,
1213 3773 1287 3822 aliter

156 3840 303 3890 theoretice
322 3842 382 3907 pios
402 3841 465 3890 odio
484 3841 654 3907 persequeris,
673 3851 835 3908 quantosque
854 3842 976 3890 tumultus
995 3841 1100 3901 excitas,
1119 3857 1172 3889 non
1190 3849 1217 3890 ut
1236 3841 1286 3890 ser-

156 3908 220 3971 vias,
240 3909 285 3958 sed
305 3911 360 3970 cui,
383 3910 458 3976 nugis
477 3911 649 3960 irrevocabile
667 3919 768 3977 tempus
794 3910 936 3971 consumis,
962 3911 1116 3959 immortalia
1139 3919 1286 3974 aeteruaque

157 3978 247 4027 animo
273 3979 385 4042 volutas,
408 3980 442 4028 de
467 3978 528 4029 seris
552 3980 692 4045 nepotibus
716 3980 957 4045 pronepotibusque
978 3978 1101 4041 disponis,
1129 3994 1211 4028 novas
1230 3978 1286 4043 spes

160 4047 258 4097 oblitus
287 4048 447 4098 conditionis
465 4049 528 4097 Tuae
552 4049 642 4112 ponis,
670 4050 731 4097 dum
754 4050 853 4100 interea
875 4048 956 4112 longa
980 4056 1119 4097 conantem
1144 4064 1212 4099 mors
1235 4065 1287 4113 op-

157 4133 259 4199 primit,
285 4142 312 4183 at
336 4133 364 4182 in
389 4150 474 4198 agone
499 4135 590 4185 oculos
616 4135 736 4200 aperiens
766 4117 1023 4213 (ἄνθρωπος)
1052 4132 1176 4182 somnium
1199 4134 1286 4198 primo

155 4219 292 4278 obierum
311 4219 355 4269 Sic
372 4221 484 4270 uiuimus
504 4228 534 4268 ut
551 4221 701 4271 immortales
720 4221 753 4269 ἐν
772 4222 896 4270 morimur
912 4230 942 4266 ut
963 4219 1087 4267 mortales.
1108 4218 1192 4269 Smer.

108 4288 236 4338 melita:
263 4289 303 4338 Te
332 4289 378 4338 sub
405 4291 460 4338 rudi
485 4291 557 4340 larva
580 4290 714 4354 Ineptum,
738 4289 882 4348 Lascivum,
912 4287 1083 4347 Imitatorem,
1109 4287 1285 4351 Ambitiosum,

155 4358 306 4424 Prodigum,
331 4358 476 4421 Solicitum,
501 4359 624 4422 Astutum,
650 4359 790 4420 Anterum,
817 4358 944 4420 Invidum,
973 4359 1092 4418 Avarum,
1117 4357 1284 4421 transforma-

154 4429 179 4474 ri
205 4427 234 4478 in
259 4431 404 4491 Attenturn,
436 4429 547 4491 Castum,
580 4427 777 4488 consideratum,
805 4427 957 4484 Modestum,
991 4425 1120 4484 Sobrium,
1148 4425 1286 4489 Tranquil-

154 4496 217 4560 lum,
244 4498 391 4560 sincerum,
420 4497 518 4559 Mitem,
548 4496 704 4557 Beneficum,
738 4496 786 4546 suis
815 4497 979 4545 Contentum.
1033 4494 1086 4542 Uni
1114 4495 1286 4544 animantium
