2776 4964
524 682 761 766 ‘vannus

383 851 799 959 crassis
858 854 940 960 nr.

409 1095 909 1228 VERMES.

65 1402 382 1483 TARDIGRADA,
418 1404 543 1484 mollia,
574 1407 765 1486 pandentia,
799 1406 1005 1479 vivacissima,
1032 1408 1254 1489 redintegran-

222 1500 281 1578 da,
319 1498 444 1562 humidi
478 1497 681 1578 Animantia,
722 1505 882 1582 acephala,
919 1507 1032 1582 aporia,
1070 1506 1250 1583 androgyno,

225 1599 390 1658 Tentaculis
409 1592 634 1676 dignoscenda.

65 1764 347 1830 IMPERFECTA
370 1765 547 1843 veteribus,
581 1785 641 1827 nec
664 1765 788 1846 inepte,
821 1764 908 1830 dista
936 1768 1124 1849 animantia,
1157 1769 1254 1833 desti-

220 1870 353 1923 tuuntur
376 1859 500 1942 Capite,
526 1858 680 1936 Auribus,
704 1859 799 1939 Naso,
819 1860 930 1925 Oculis
944 1860 1100 1944 pleraque
1118 1864 1174 1945 (a),
1193 1865 1254 1928 Pe-

221 1956 326 2033 dibus,
345 1953 566 2033 Pulmonibus,
586 1955 627 2018 ab
642 1953 773 2019 Infertis
790 1957 898 2039 itaque
918 1957 1130 2037 diversissima,
1150 1963 1253 2041 aqui-

220 2050 282 2112 bus
304 2051 428 2112 dudum
451 2050 572 2112 removi
597 2059 719 2114 naturae
742 2061 963 2134 cryptogama,
991 2051 1074 2115 sunt:
1101 2059 1250 2136 Intestino,

219 2148 377 2226 Mallusca,
409 2149 550 2226 Tssacea,
576 2149 767 2226 Lithopleyta,
793 2150 953 2228 Zooplryta.

65 2314 305 2380 INTESTINA
323 2325 448 2379 terrena
463 2315 630 2397 quondam
647 2313 744 2394 dista,
771 2317 815 2379 ob
839 2316 994 2380 summam
1019 2318 1253 2401 simplicitatem

220 2412 379 2492 corporis,
412 2411 576 2473 terebrant
605 2410 730 2480 omnia;
761 2411 903 2492 persorat
928 2416 1058 2477 Gordius
1080 2413 1250 2496 Argillam,

221 2515 255 2568 ut
270 2526 354 2587 aqua
369 2516 484 2582 tranet,
510 2510 685 2567 Lunebricus
700 2506 856 2585 Humum,
880 2526 921 2568 ne
939 2506 995 2569 srtu
1012 2518 1249 2590 corrumpatur;

218 2604 342 2680 ttyxine
359 2598 532 2678 Cadavera,
560 2607 595 2661 ut
617 2598 806 2681 liquescant,
833 2607 929 2663 Furia
945 2599 1117 2678 Animalia,
1145 2613 1180 2665 ut
1197 2624 1253 2666 oc-

219 2696 382 2769 cidantur3
415 2700 523 2757 Terede
539 2693 654 2775 Ligna,
679 2704 715 2757 ut
730 2694 945 2773 destruantur;
972 2697 1253 2778 quemadmodum

219 2788 389 2866 Pholades,
416 2787 568 2870 &Mytili
592 2788 791 2872 Lithophagi
816 2791 934 2871 PetraS,
961 2799 997 2854 ut
1019 2790 1187 2855 solvantur.

64 2959 308 3026 MOLLUSCA
335 2960 436 3035 nuda,
476 2959 654 3039 brachiata,
687 2973 845 3043 vagantur
872 2963 1027 3045 pleraque
1056 2984 1114 3045 per
1141 2967 1249 3043 maria,

220 3055 304 3118 coelo
322 3054 567 3137 resplendentia,
593 3064 748 3137 tanquam
764 3057 901 3119 totidem
919 3057 1055 3121 lucernis
1070 3060 1254 3123 tenebrico-

221 3150 287 3212 sum
303 3150 483 3214 illuminant
503 3149 646 3231 abyssum
659 3150 874 3232 Phosphorea,
894 3163 929 3216 ut
944 3154 1033 3234 quod
1049 3153 1094 3215 est
1110 3155 1249 3234 inserius,

221 3244 256 3309 srt
278 3254 433 3327 tanquam
458 3245 609 3326 superius.

64 3415 301 3483 TESTAOEA
323 3415 476 3479 mollusca
499 3418 691 3498 domiporta,
719 3416 927 3499 calcareaque
946 3417 1142 3481 domuncula
1157 3419 1253 3481 nobi-

219 3513 316 3591 litata,
342 3511 493 3591 calcitica,
517 3511 627 3592 &ipsa
648 3511 732 3594 saepe
752 3512 919 3592 calcivora,
942 3511 1069 3577 insettis
1090 3513 1248 3595 opposita,

220 3606 394 3689 specierum
426 3627 577 3685 numero,
613 3627 732 3689 magna
760 3607 892 3670 Naturae
918 3606 1058 3670 ludentis
1085 3611 1248 3686 varietate,

219 3702 429 3782 multiplicata
446 3701 492 3782 (b)
517 3700 653 3763 TESTAS
676 3700 899 3782 polydaedalas
915 3699 1166 3781 conchyliorum
1190 3724 1250 3784 pa-

627 3804 650 3867 S
667 3825 682 3865 s
1155 3807 1249 3884 rium,

61 3943 101 4010 (a)
121 3944 248 3994 Vermium
258 3960 341 4008 genus
353 3960 423 3993 amne
435 3945 512 3994 oculis
525 3952 606 4002 caret,·
619 3945 689 3995 I'lin,
703 3947 751 4010 nist
755 3945 828 4009 sorte
835 3944 913 4007 Sepia
923 3945 1026 4008 eJ'usquc
1040 3943 1177 4006 Cynthium.
1202 3945 1252 3995 Li-

120 4030 200 4063 maces
212 4013 332 4062 videntur
343 4017 420 4062 etiam
434 4014 510 4062 oculis
523 4015 647 4079 instructi,
662 4015 733 4064 modo
746 4014 856 4080 verifint
866 4012 939 4075 oculi,
952 4029 968 4059 a
981 4014 1069 4077 nostris
1081 4021 1144 4062 certe
1156 4014 1251 4080 diverst.

60 4081 103 4147 (b)
121 4082 186 4132 Plin.
199 4082 247 4131 IX:
261 4095 304 4146 33.
342 4082 387 4131 Tot
404 4082 529 4131 Colorum
547 4081 705 4148 differentia,
726 4090 762 4131 tot
779 4083 880 4146 Figurae
894 4082 995 4147 planis,
1015 4085 1139 4143 concavis,
1158 4084 1249 4149 longis,

118 4153 228 4210 lunatis,
249 4153 278 4200 in
296 4152 375 4201 orbem
393 4153 560 4210 circumactis,
582 4150 686 4200 dimidio
705 4151 760 4200 orbe
777 4153 846 4216 cafis,
865 4153 894 4198 in
912 4150 1013 4216 dorsum
1029 4151 1112 4211 elatis,
1136 4153 1250 4213 levibus,

119 4221 228 4283 rugatis,
247 4221 414 4282 denticulatis,
426 4221 537 4280 striatis,
559 4223 646 4268 uertice
663 4221 807 4269 muricatim
820 4222 922 4280 intorto,
941 4222 1056 4284 margine
1069 4223 1097 4270 in
1111 4238 1251 4272 mucronem

119 4290 207 4354 emiffo,
218 4289 289 4354 seris
308 4290 397 4356 effuso,
416 4290 487 4337 intus
505 4289 640 4353 replicatas
658 4290 719 4353 jam
737 4289 896 4353 dfinctione
913 4290 1058 4352 virgulata,
1077 4292 1180 4354 crinita,
1199 4293 1251 4339 cri-

111 4361 173 4425 spa,
191 4359 388 4418 canaleulatim,
403 4360 563 4423 pectinatim,
584 4356 734 4406 imbricatim
753 4358 861 4415 undata,
881 4358 1037 4408 cancellatim
1054 4359 1204 4419 reticulata;
1222 4361 1251 4408 in

119 4428 257 4493 oetiqmoo,
275 4429 303 4476 in
321 4436 416 4477 rectum
434 4427 555 4491 expansa,
575 4427 686 4490 densata,
703 4435 828 4492 porrecta,
840 4427 961 4493 structa,
982 4428 1051 4477 brevi
1068 4427 1132 4476 nodo
1150 4429 1246 4492 ligatis,

120 4505 172 4547 toto
189 4498 264 4546 latere
281 4498 408 4558 connexis,
427 4497 463 4546 ad
473 4496 594 4561 plausum
613 4498 716 4560 apertis,
737 4496 773 4546 ad
781 4496 912 4547 buccinum
923 4497 1050 4546 recurvis:
1069 4496 1126 4545 victe
1136 4497 1249 4563 explica-

119 4568 211 4616 tionem
229 4566 361 4627 Bommni,
380 4565 486 4615 Kleinii.
