2730 5084
504 660 734 725 AMPHIBIA.
1156 683 1213 745 195

183 842 291 898 autem
313 833 386 897 haec
404 838 477 897 Tela
498 833 650 898 dentibus
673 833 840 912 simillima,
863 832 918 896 sed
941 842 1032 897 extra
1055 834 1221 898 maxillam

184 920 378 1004 superiorem
390 919 557 998 collocata,
571 941 698 1003 proque
713 919 816 983 lubitu
829 919 1003 983 exserenda
1015 920 1043 983 &
1055 920 1223 985 retrahen-

184 1008 235 1085 da,
261 1006 386 1070 sacculo
406 1005 501 1069 saniei
521 1007 629 1086 asfixa,
653 1027 751 1089 quam
770 1004 902 1069 vulnere
918 1006 1031 1070 inflant
1046 1009 1078 1070 in
1093 1007 1222 1090 sangui-

184 1113 267 1172 nem,
293 1104 362 1156 tum
393 1093 452 1156 diri
476 1091 613 1156 essestus
635 1093 785 1172 caussam,
810 1102 964 1156 caeterum
987 1094 1138 1172 inertem;
1164 1095 1220 1157 sre-

184 1201 246 1261 que
261 1177 398 1243 Catonia
418 1178 491 1242 haec
513 1179 617 1242 morsu
637 1180 724 1241 virus
747 1177 869 1242 habent
884 1179 913 1242 81
928 1179 1029 1242 satum
1046 1180 1146 1243 dente
1161 1181 1222 1243 mi-

184 1276 315 1342 nantur,
341 1264 460 1347 pocula
490 1274 597 1328 morte
626 1274 752 1343 carent,
785 1275 883 1348 prout
914 1265 1013 1329 solide
1039 1271 1126 1329 Redi.
1171 1267 1221 1329 Ne

183 1371 258 1415 vero
281 1351 313 1414 hi
337 1351 460 1434 spoliati
483 1351 652 1433 miserique
673 1352 790 1431 armis,
818 1373 893 1434 quae
915 1351 990 1434 ipfis
1012 1352 1218 1434 superessent,

184 1439 317 1501 nimium
333 1438 489 1517 saevirent,
509 1438 671 1501 decimam
687 1458 852 1520 quamque
866 1447 994 1502 tantum
1016 1439 1153 1521 speciem
1169 1460 1222 1501 ar-

185 1526 282 1587 mavit
306 1525 374 1606 (dl)
399 1526 573 1607 imperans,
600 1524 654 1588 sed
676 1524 859 1607 versipelles
881 1546 939 1588 eos
960 1524 1071 1604 voluit,
1099 1536 1134 1588 ut
1160 1527 1221 1588 du-

184 1611 225 1672 bii
245 1631 361 1673 omnes
380 1619 599 1675 metuerentur
617 1611 660 1674 ab
682 1612 849 1688 omnibus;
869 1620 902 1674 at
917 1611 1089 1675 Beneficus
1103 1611 1222 1674 Homi-

185 1698 216 1759 ni
245 1696 336 1760 dedit
365 1697 412 1760 lu
420 1710 489 1759 DIS
517 1702 738 1761 Ichneumonem
766 1718 841 1761 cum
868 1702 1059 1780 Ophiorhizm
1095 1697 1221 1760 ΑΜΕ-

184 1795 361 1846 RICANIS
394 1785 481 1847 Sume
522 1803 597 1846 cum
631 1788 764 1865 Sauga,
800 1785 1034 1848 EUROPAEIS
1073 1789 1221 1847 Cironium

183 1890 256 1932 cum
283 1874 370 1934 Olea.

92 1970 304 2052 Dlscu'osnv,
329 1973 385 2055 qui
404 1973 482 2037 velit
499 1973 632 2053 homm,
651 1974 789 2037 eandem
811 1972 956 2036 desumat
977 1995 997 2035 a
1012 1973 1135 2036 Pedum
1152 1973 1222 2037 suc-

185 2059 333 2123 cedaneis
352 2063 449 2123 Scutis
471 2063 703 2123 abdominalibus
726 2064 971 2140 caudalibusquc,·
996 2080 1136 2122 nevero
1159 2081 1221 2122 nu-

185 2165 292 2208 merus
307 2144 397 2209 alteri
413 2147 543 2210 demtus
558 2145 714 2227 alterique
725 2146 855 2209 additus
868 2144 1007 2211 seducat.
1020 2144 1112 2227 juvat
1123 2147 1220 2208 etiam

185 2241 321 2314 uterque
335 2241 587 2295 connumeratus
620 2233 700 2313 (Ali.
724 2235 842 2295 Stockh.
868 2252 958 2312 175²·
987 2246 1020 2315 p.
1044 2234 1147 2313 206.);
1178 2233 1220 2295 ab

185 2338 247 2381 ano
266 2318 416 2400 utrinque
432 2318 624 2401 Longitudo
647 2317 787 2397 illustrat,
813 2318 960 2382 &Color
982 2320 1014 2380 in
1038 2318 1217 2395 nonnullis;

184 2425 262 2468 cave
283 2425 361 2467 vero
385 2424 427 2466 ne
448 2414 559 2468 renata
583 2405 618 2467 srt
640 2405 787 2468 mutilata
809 2407 923 2468 cauda.
1105 2424 1108 2431 ·

22 2713 241 2779 NANTES
268 2715 421 2796 pinnatos
444 2716 612 2796 aquaticos
637 2717 933 2798 (Chondroptcrypos
955 2716 1219 2798 cartilagineosve

185 2799 291 2865 dislos
306 2800 421 2882 Pisces)
445 2800 699 2884 Amphibiorum
723 2801 850 2865 classem
874 2822 961 2864 nunc
984 2801 1086 2864 subire
1102 2801 1219 2882 jubent

183 2886 356 2951 Pulmones
373 2889 415 2969 (*)
432 2887 599 2967 arbitrarii,
626 2887 743 2951 Latere
765 2886 849 2962 licet,
877 2909 943 2951 non
964 2909 1041 2951 vero
1057 2887 1218 2950 branchiis

183 2973 303 3051 liberis,
331 2973 385 3036 sed
407 2974 548 3052 adnatis,
574 2974 782 3057 respirantes,
809 2975 981 3056 Maresque
1004 2975 1089 3037 Pene
1113 2975 1220 3056 dupli-

183 3062 210 3122 ci
234 3059 407 3123 insidentes
422 3061 582 3124 Feminis!
609 3063 678 3123 ovis
701 3063 922 3123 concatenatis
943 3060 1040 3128 suetis,
1065 3061 1219 3141 foedaque

183 3145 283 3227 Cutis,
299 3146 441 3228 Ossaque
457 3146 673 3230 cartilaginea,
689 3157 816 3210 caetera.
840 3147 955 3227 Neque
970 3148 1002 3209 hi
1020 3168 1134 3210 omnes
1150 3148 1219 3209 To-

183 3235 256 3295 xico
279 3241 440 3315 expertes,
466 3233 547 3296 teste
568 3232 742 3311 Pastinaca,
769 3234 967 3315 Torpedine.

23 3540 352 3608 AMPHIBIOLOGI
375 3545 520 3607 omnium
544 3544 719 3626 paucissimi
744 3544 821 3623 sunt,
847 3545 990 3627 nullique
1012 3547 1087 3607 veri.

184 3642 259 3700 Scba
283 3659 418 3702 numero
441 3639 601 3721 stupendo
624 3640 678 3704 s1bi
695 3642 805 3720 ignota
821 3640 953 3723 pulchre
968 3640 1098 3721 collegit
1115 3639 1144 3700 u
1159 3639 1218 3701 de-

183 3734 323 3811 lineavit,
339 3733 393 3797 sed
405 3735 636 3818 multiplicavit,
653 3737 852 3817 minimeque
864 3736 1034 3816 descripsit.
1057 3738 1222 3798 Cntesbcms

184 3848 243 3890 nec
258 3848 383 3911 paucos
398 3827 573 3911 Serpentes
588 3829 754 3912 pulchrius
770 3830 952 3908 delineavit,
973 3851 1070 3910 quam
1084 3830 1217 3890 notavit.

584 4346 612 4408 N
639 4368 654 4408 2
1060 4328 1201 4402 GENE

1204 4373 1219 4383 ι

955 4461 984 4465 .-
1186 4459 1221 4467 ἡ

22 4491 65 4556 (⁸)
76 4491 215 4542 Pulmones
226 4493 318 4541 horum
327 4495 454 4556 pectinata·
466 4501 497 4542 ut
505 4494 626 4558 Piscium,
632 4495 682 4558 scd
690 4495 784 4542 adnati
793 4496 844 4559 vaſs
852 4500 938 4541 arrato
951 4462 1086 4558 cylindrico
1099 4493 1219 4555 subrrlosa,

95 4559 190 4625 absque
206 4560 280 4610 radio
298 4561 365 4626 offer,
383 4578 428 4612 nrc
439 4564 550 4629 piscium
560 4563 649 4626 fimili,
669 4565 717 4627 nist
735 4569 839 4612 externa
851 4563 951 4628 figura.
