<?xml version="1.0" encoding="UTF-8"?>
<!DOCTYPE html PUBLIC "-//W3C//DTD XHTML 1.0 Transitional//EN"
    "http://www.w3.org/TR/xhtml1/DTD/xhtml1-transitional.dtd">
<html xmlns="http://www.w3.org/1999/xhtml" xml:lang="en" lang="en">
 <head>
  <title>
</title>
<meta http-equiv="Content-Type" content="text/html;charset=utf-8" />
  <meta name='ocr-system' content='tesseract 3.04.00' />
  <meta name='ocr-capabilities' content='ocr_page ocr_carea ocr_par ocr_line ocrx_word'/>
</head>
<body>
  <div class='ocr_page' id='page_1' title='image "./carolilinnaeisy01gesegoog_0038.png"; bbox 0 0 2730 5084; ppageno 0'>
   <div class='ocr_carea' id='block_1_1' title="bbox 124 644 1050 730">
    <p class='ocr_par' dir='ltr' id='par_1_1' title="bbox 124 644 1050 730">
     <span class='ocr_line' id='line_1_1' title="bbox 124 644 1050 730; baseline -0.003 -17"><span class='ocrx_word' id='word_1_1' title='bbox 124 671 165 730; x_wconf 85' lang='lat'>24</span> <span class='ocrx_word' id='word_1_2' title='bbox 378 646 627 713; x_wconf 85' lang='lat' dir='ltr'><strong>MAMMALIA</strong></span> <span class='ocrx_word' id='word_1_3' title='bbox 648 644 882 711; x_wconf 81' lang='lat' dir='ltr'><strong>PRIMATES.</strong></span> <span class='ocrx_word' id='word_1_4' title='bbox 929 646 1050 710; x_wconf 92' lang='lat' dir='ltr'>Hom0.</span> 
     </span>
    </p>
   </div>
   <div class='ocr_carea' id='block_1_2' title="bbox 322 816 1310 1401">
    <p class='ocr_par' dir='ltr' id='par_1_2' title="bbox 322 816 1310 1401">
     <span class='ocr_line' id='line_1_2' title="bbox 322 816 1306 903; baseline -0.003 -19"><span class='ocrx_word' id='word_1_5' title='bbox 322 825 440 903; x_wconf 78' lang='lat' dir='ltr'>Differt</span> <span class='ocrx_word' id='word_1_6' title='bbox 452 820 560 901; x_wconf 90' lang='lat' dir='ltr'>itaque</span> <span class='ocrx_word' id='word_1_7' title='bbox 575 841 594 881; x_wconf 90' lang='lat' dir='ltr'>a</span> <span class='ocrx_word' id='word_1_8' title='bbox 609 819 739 900; x_wconf 89' lang='lat' dir='ltr'>reliquis</span> <span class='ocrx_word' id='word_1_9' title='bbox 751 817 896 899; x_wconf 89' lang='lat' dir='ltr'>Corpore</span> <span class='ocrx_word' id='word_1_10' title='bbox 916 816 1027 882; x_wconf 74' lang='lat' dir='ltr'>erecto</span> <span class='ocrx_word' id='word_1_11' title='bbox 1048 817 1148 898; x_wconf 91' lang='lat' dir='ltr'>nudo,</span> <span class='ocrx_word' id='word_1_12' title='bbox 1173 826 1207 880; x_wconf 93' lang='lat' dir='ltr'>at</span> <span class='ocrx_word' id='word_1_13' title='bbox 1218 818 1306 901; x_wconf 90' lang='lat' dir='ltr'>piloso</span> 
     </span>
     <span class='ocr_line' id='line_1_3' title="bbox 366 903 1305 989; baseline -0.003 -20"><span class='ocrx_word' id='word_1_14' title='bbox 366 905 490 989; x_wconf 84' lang='lat' dir='ltr'>Capite,</span> <span class='ocrx_word' id='word_1_15' title='bbox 516 904 713 988; x_wconf 77' lang='lat' dir='ltr'>SuperciliiS,</span> <span class='ocrx_word' id='word_1_16' title='bbox 733 903 898 984; x_wconf 90' lang='lat' dir='ltr'>Ciliisque,</span> <span class='ocrx_word' id='word_1_17' title='bbox 918 905 1050 968; x_wconf 89' lang='lat' dir='ltr'>tandem</span> <span class='ocrx_word' id='word_1_18' title='bbox 1066 904 1166 984; x_wconf 87' lang='lat' dir='ltr'>Pube,</span> <span class='ocrx_word' id='word_1_19' title='bbox 1187 903 1305 982; x_wconf 86' lang='lat' dir='ltr'>Axillis,</span> 
     </span>
     <span class='ocr_line' id='line_1_4' title="bbox 365 989 1306 1074; baseline -0.003 -18"><span class='ocrx_word' id='word_1_20' title='bbox 365 993 576 1074; x_wconf 87' lang='lat' dir='ltr'>Maribusque</span> <span class='ocrx_word' id='word_1_21' title='bbox 597 993 720 1055; x_wconf 90' lang='lat' dir='ltr'>Mento.</span> <span class='ocrx_word' id='word_1_22' title='bbox 767 990 911 1053; x_wconf 88' lang='lat' dir='ltr'>Feminis</span> <span class='ocrx_word' id='word_1_23' title='bbox 933 990 1148 1072; x_wconf 82' lang='lat' dir='ltr'>Nymphae&amp;</span> <span class='ocrx_word' id='word_1_24' title='bbox 1170 989 1306 1067; x_wconf 73' lang='lat' dir='ltr'>Clitods,</span> 
     </span>
     <span class='ocr_line' id='line_1_5' title="bbox 365 1076 1309 1160; baseline -0.002 -18"><span class='ocrx_word' id='word_1_25' title='bbox 365 1079 520 1142; x_wconf 87' lang='lat' dir='ltr'>Mammae</span> <span class='ocrx_word' id='word_1_26' title='bbox 537 1098 552 1139; x_wconf 91' lang='lat'>2</span> <span class='ocrx_word' id='word_1_27' title='bbox 572 1076 767 1160; x_wconf 73' lang='lat' dir='ltr'>pectorales.</span> <span class='ocrx_word' id='word_1_28' title='bbox 800 1076 906 1159; x_wconf 84' lang='lat' dir='ltr'>Caput</span> <span class='ocrx_word' id='word_1_29' title='bbox 921 1076 1063 1140; x_wconf 87' lang='lat' dir='ltr'>Cerebro</span> <span class='ocrx_word' id='word_1_30' title='bbox 1079 1076 1229 1139; x_wconf 90' lang='lat' dir='ltr'>omnium</span> <span class='ocrx_word' id='word_1_31' title='bbox 1249 1097 1309 1140; x_wconf 83' lang='lat' dir='ltr'>ma·</span> 
     </span>
     <span class='ocr_line' id='line_1_6' title="bbox 364 1162 1310 1244; baseline -0.004 -16"><span class='ocrx_word' id='word_1_32' title='bbox 364 1167 469 1241; x_wconf 76' lang='lat' dir='ltr'>ximo,</span> <span class='ocrx_word' id='word_1_33' title='bbox 490 1163 612 1237; x_wconf 86' lang='lat' dir='ltr'>Uvula;</span> <span class='ocrx_word' id='word_1_34' title='bbox 631 1165 743 1226; x_wconf 85' lang='lat' dir='ltr'>Facies</span> <span class='ocrx_word' id='word_1_35' title='bbox 757 1163 923 1226; x_wconf 90' lang='lat' dir='ltr'>abdomini</span> <span class='ocrx_word' id='word_1_36' title='bbox 936 1162 1098 1244; x_wconf 88' lang='lat' dir='ltr'>parallela,</span> <span class='ocrx_word' id='word_1_37' title='bbox 1114 1164 1216 1240; x_wconf 88' lang='lat' dir='ltr'>nuda;</span> <span class='ocrx_word' id='word_1_38' title='bbox 1235 1162 1310 1225; x_wconf 89' lang='lat' dir='ltr'>Naso</span> 
     </span>
     <span class='ocr_line' id='line_1_7' title="bbox 369 1248 1310 1333; baseline -0.002 -20"><span class='ocrx_word' id='word_1_39' title='bbox 369 1253 584 1333; x_wconf 87' lang='lat' dir='ltr'>prominente,</span> <span class='ocrx_word' id='word_1_40' title='bbox 597 1248 788 1331; x_wconf 88' lang='lat' dir='ltr'>compresso,</span> <span class='ocrx_word' id='word_1_41' title='bbox 801 1250 965 1327; x_wconf 91' lang='lat' dir='ltr'>breviore;</span> <span class='ocrx_word' id='word_1_42' title='bbox 978 1249 1090 1313; x_wconf 90' lang='lat' dir='ltr'>Mento</span> <span class='ocrx_word' id='word_1_43' title='bbox 1102 1250 1310 1332; x_wconf 90' lang='lat' dir='ltr'>prominente.</span> 
     </span>
     <span class='ocr_line' id='line_1_8' title="bbox 366 1334 1051 1401; baseline -0.003 0"><span class='ocrx_word' id='word_1_44' title='bbox 366 1337 478 1401; x_wconf 91' lang='lat' dir='ltr'>Cauda</span> <span class='ocrx_word' id='word_1_45' title='bbox 493 1336 591 1399; x_wconf 89' lang='lat' dir='ltr'>nulla.</span> <span class='ocrx_word' id='word_1_46' title='bbox 631 1336 734 1398; x_wconf 87' lang='lat' dir='ltr'>Pedes</span> <span class='ocrx_word' id='word_1_47' title='bbox 749 1334 837 1398; x_wconf 91' lang='lat' dir='ltr'>Talis</span> <span class='ocrx_word' id='word_1_48' title='bbox 852 1337 1051 1400; x_wconf 77' lang='lat' dir='ltr'>incedentes</span> 
     </span>
    </p>
   </div>
   <div class='ocr_carea' id='block_1_3' title="bbox 124 1490 1355 2609">
    <p class='ocr_par' dir='ltr' id='par_1_3' title="bbox 124 1490 1355 2609">
     <span class='ocr_line' id='line_1_9' title="bbox 124 1490 642 1574; baseline -0.002 -21"><span class='ocrx_word' id='word_1_49' title='bbox 124 1490 270 1574; x_wconf 83' lang='lat' dir='ltr'>Troglo-</span> <span class='ocrx_word' id='word_1_50' title='bbox 283 1493 364 1555; x_wconf 90' lang='lat' dir='ltr'><strong>2.H.</strong></span> <span class='ocrx_word' id='word_1_51' title='bbox 383 1490 561 1556; x_wconf 71' lang='lat' dir='ltr'>nocturnus</span> <span class='ocrx_word' id='word_1_52' title='bbox 586 1493 642 1572; x_wconf 90' lang='lat'>().</span> 
     </span>
     <span class='ocr_line' id='line_1_10' title="bbox 147 1575 1311 1660; baseline -0.003 -18"><span class='ocrx_word' id='word_1_53' title='bbox 147 1579 249 1660; x_wconf 77' lang='lat' dir='ltr'>dytes</span> <span class='ocrx_word' id='word_1_54' title='bbox 322 1579 433 1641; x_wconf 91' lang='lat' dir='ltr'>Homo</span> <span class='ocrx_word' id='word_1_55' title='bbox 456 1576 611 1660; x_wconf 86' lang='lat' dir='ltr'>sylvestris</span> <span class='ocrx_word' id='word_1_56' title='bbox 633 1575 746 1657; x_wconf 84' lang='lat' dir='ltr'>Orang</span> <span class='ocrx_word' id='word_1_57' title='bbox 767 1575 910 1659; x_wconf 83' lang='lat' dir='ltr'>Outang.</span> <span class='ocrx_word' id='word_1_58' title='bbox 948 1582 1040 1640; x_wconf 76' lang='lat' dir='ltr'>Bent.</span> <span class='ocrx_word' id='word_1_59' title='bbox 1057 1582 1126 1659; x_wconf 81' lang='lat' dir='ltr'>jau.</span> <span class='ocrx_word' id='word_1_60' title='bbox 1155 1583 1206 1654; x_wconf 85' lang='lat'>84.</span> <span class='ocrx_word' id='word_1_61' title='bbox 1229 1587 1250 1638; x_wconf 85' lang='lat' dir='ltr'>t.</span> <span class='ocrx_word' id='word_1_62' title='bbox 1268 1580 1311 1651; x_wconf 81' lang='lat'>84.</span> 
     </span>
     <span class='ocr_line' id='line_1_11' title="bbox 322 1663 1355 1746; baseline -0.005 -18"><span class='ocrx_word' id='word_1_63' title='bbox 322 1663 541 1729; x_wconf 84' lang='lat' dir='ltr'>Kakurlacko.</span> <span class='ocrx_word' id='word_1_64' title='bbox 587 1669 683 1746; x_wconf 77' lang='lat' dir='ltr'><em>Kjoep.</em></span> <span class='ocrx_word' id='word_1_65' title='bbox 702 1669 765 1725; x_wconf 88' lang='lat' dir='ltr'>itin.</span> <span class='ocrx_word' id='word_1_66' title='bbox 786 1686 811 1725; x_wconf 91' lang='lat' dir='ltr'>c.</span> <span class='ocrx_word' id='word_1_67' title='bbox 830 1667 881 1727; x_wconf 83' lang='lat'>86.</span> <span class='ocrx_word' id='word_1_68' title='bbox 907 1665 1017 1726; x_wconf 80' lang='lat' dir='ltr'>Belin.</span> <span class='ocrx_word' id='word_1_69' title='bbox 1037 1673 1114 1725; x_wconf 82' lang='lat' dir='ltr'>orat.</span> <span class='ocrx_word' id='word_1_70' title='bbox 1136 1682 1167 1741; x_wconf 81' lang='grc'>5.</span> <span class='ocrx_word' id='word_1_71' title='bbox 1353 1736 1355 1741; x_wconf 30' lang='grc'><strong>,</strong></span> 
     </span>
     <span class='ocr_line' id='line_1_12' title="bbox 322 1747 1309 1830; baseline -0.005 -15"><span class='ocrx_word' id='word_1_72' title='bbox 322 1756 455 1815; x_wconf 84' lang='lat' dir='ltr'><em>Habitat</em></span> <span class='ocrx_word' id='word_1_73' title='bbox 486 1757 516 1813; x_wconf 85' lang='lat' dir='ltr'>in</span> <span class='ocrx_word' id='word_1_74' title='bbox 550 1749 729 1830; x_wconf 87' lang='lat' dir='ltr'>AEthiopiae</span> <span class='ocrx_word' id='word_1_75' title='bbox 763 1754 946 1812; x_wconf 81' lang='lat' dir='ltr'>conterminis</span> <span class='ocrx_word' id='word_1_76' title='bbox 980 1747 1110 1829; x_wconf 75' lang='lat' dir='ltr'>(plin),</span> <span class='ocrx_word' id='word_1_77' title='bbox 1149 1753 1181 1810; x_wconf 83' lang='lat' dir='ltr'>in</span> <span class='ocrx_word' id='word_1_78' title='bbox 1216 1747 1309 1830; x_wconf 86' lang='lat' dir='ltr'>Javae,</span> 
     </span>
     <span class='ocr_line' id='line_1_13' title="bbox 366 1834 926 1917; baseline -0.007 -16"><span class='ocrx_word' id='word_1_79' title='bbox 366 1836 553 1914; x_wconf 83' lang='lat' dir='ltr'>Amboinae,</span> <span class='ocrx_word' id='word_1_80' title='bbox 579 1834 750 1899; x_wconf 87' lang='lat' dir='ltr'>Ternateae</span> <span class='ocrx_word' id='word_1_81' title='bbox 764 1838 926 1917; x_wconf 79' lang='lat' dir='ltr'>speluncis.</span> 
     </span>
     <span class='ocr_line' id='line_1_14' title="bbox 325 1923 1310 2005; baseline -0.007 -17"><span class='ocrx_word' id='word_1_82' title='bbox 325 1924 451 2005; x_wconf 86' lang='lat' dir='ltr'>Corpus</span> <span class='ocrx_word' id='word_1_83' title='bbox 479 1927 593 1998; x_wconf 67' lang='lat' dir='ltr'>affirm,</span> <span class='ocrx_word' id='word_1_84' title='bbox 623 1924 731 1999; x_wconf 81' lang='lat' dir='ltr'>inceffu</span> <span class='ocrx_word' id='word_1_85' title='bbox 761 1927 902 1997; x_wconf 72' lang='lat' dir='ltr'>cratium,</span> <span class='ocrx_word' id='word_1_86' title='bbox 939 1926 1035 2002; x_wconf 83' lang='lat' dir='ltr'>nostro</span> <span class='ocrx_word' id='word_1_87' title='bbox 1061 1923 1181 1982; x_wconf 82' lang='lat' dir='ltr'>dimidio</span> <span class='ocrx_word' id='word_1_88' title='bbox 1211 1926 1310 1982; x_wconf 85' lang='lat' dir='ltr'>minus.</span> 
     </span>
     <span class='ocr_line' id='line_1_15' title="bbox 368 2005 1314 2088; baseline -0.005 -16"><span class='ocrx_word' id='word_1_89' title='bbox 368 2009 424 2072; x_wconf 92' lang='lat' dir='ltr'>Pili</span> <span class='ocrx_word' id='word_1_90' title='bbox 447 2014 518 2085; x_wconf 81' lang='lat' dir='ltr'>albi,</span> <span class='ocrx_word' id='word_1_91' title='bbox 545 2011 789 2088; x_wconf 82' lang='lat' dir='ltr'>contortuplicati.</span> <span class='ocrx_word' id='word_1_92' title='bbox 837 2006 931 2072; x_wconf 89' lang='lat' dir='ltr'>Oculi</span> <span class='ocrx_word' id='word_1_93' title='bbox 954 2012 1128 2070; x_wconf 82' lang='lat' dir='ltr'>orbiculati:</span> <span class='ocrx_word' id='word_1_94' title='bbox 1154 2005 1235 2068; x_wconf 87' lang='lat' dir='ltr'>iride</span> <span class='ocrx_word' id='word_1_95' title='bbox 1258 2026 1314 2086; x_wconf 93' lang='lat' dir='ltr'>pu-</span> 
     </span>
     <span class='ocr_line' id='line_1_16' title="bbox 368 2092 1313 2178; baseline -0.003 -21"><span class='ocrx_word' id='word_1_96' title='bbox 368 2094 509 2178; x_wconf 90' lang='lat' dir='ltr'>pillaque</span> <span class='ocrx_word' id='word_1_97' title='bbox 524 2118 626 2157; x_wconf 83' lang='lat' dir='ltr'>aurea.</span> <span class='ocrx_word' id='word_1_98' title='bbox 652 2092 818 2174; x_wconf 88' lang='lat' dir='ltr'>Palpebrae</span> <span class='ocrx_word' id='word_1_99' title='bbox 833 2100 928 2157; x_wconf 76' lang='lat' dir='ltr'>antire</span> <span class='ocrx_word' id='word_1_100' title='bbox 942 2098 1130 2155; x_wconf 81' lang='lat' dir='ltr'>incumbentes</span> <span class='ocrx_word' id='word_1_101' title='bbox 1146 2115 1210 2155; x_wconf 87' lang='lat' dir='ltr'>cum</span> <span class='ocrx_word' id='word_1_102' title='bbox 1224 2098 1313 2154; x_wconf 82' lang='lat' dir='ltr'>Mem·</span> 
     </span>
     <span class='ocr_line' id='line_1_17' title="bbox 367 2176 1314 2256; baseline -0.005 -11"><span class='ocrx_word' id='word_1_103' title='bbox 367 2187 462 2245; x_wconf 84' lang='lat' dir='ltr'>brana</span> <span class='ocrx_word' id='word_1_104' title='bbox 488 2185 649 2243; x_wconf 74' lang='lat' dir='ltr'>nillitante.</span> <span class='ocrx_word' id='word_1_105' title='bbox 698 2178 790 2242; x_wconf 87' lang='lat' dir='ltr'>Visus</span> <span class='ocrx_word' id='word_1_106' title='bbox 819 2185 963 2256; x_wconf 84' lang='lat' dir='ltr'>lateralis,</span> <span class='ocrx_word' id='word_1_107' title='bbox 997 2185 1169 2242; x_wconf 71' lang='lat' dir='ltr'>nolimus.</span> <span class='ocrx_word' id='word_1_108' title='bbox 1217 2176 1314 2242; x_wconf 84' lang='lat' dir='ltr'>Aetas</span> 
     </span>
     <span class='ocr_line' id='line_1_18' title="bbox 367 2262 1310 2346; baseline -0.004 -16"><span class='ocrx_word' id='word_1_109' title='bbox 367 2271 463 2330; x_wconf 84' lang='lat' dir='ltr'>XXV</span> <span class='ocrx_word' id='word_1_110' title='bbox 488 2290 643 2330; x_wconf 84' lang='lat' dir='ltr'>annerum.</span> <span class='ocrx_word' id='word_1_111' title='bbox 703 2266 766 2328; x_wconf 90' lang='lat' dir='ltr'>Die</span> <span class='ocrx_word' id='word_1_112' title='bbox 800 2272 924 2346; x_wconf 80' lang='lat' dir='ltr'>caecurtt,</span> <span class='ocrx_word' id='word_1_113' title='bbox 958 2269 1046 2344; x_wconf 83' lang='lat' dir='ltr'>lutet,·</span> <span class='ocrx_word' id='word_1_114' title='bbox 1083 2262 1192 2328; x_wconf 61' lang='lat' dir='ltr'>Noctu</span> <span class='ocrx_word' id='word_1_115' title='bbox 1228 2268 1310 2338; x_wconf 66' lang='lat' dir='ltr'>viter,</span> 
     </span>
     <span class='ocr_line' id='line_1_19' title="bbox 367 2351 1316 2435; baseline -0.006 -19"><span class='ocrx_word' id='word_1_116' title='bbox 367 2359 441 2431; x_wconf 84' lang='lat' dir='ltr'>exit,</span> <span class='ocrx_word' id='word_1_117' title='bbox 463 2361 606 2435; x_wconf 80' lang='lat' dir='ltr'>juratur.</span> <span class='ocrx_word' id='word_1_118' title='bbox 661 2351 820 2433; x_wconf 85' lang='lat' dir='ltr'>Loquitur</span> <span class='ocrx_word' id='word_1_119' title='bbox 842 2356 949 2434; x_wconf 71' lang='lat' dir='ltr'>finito,</span> <span class='ocrx_word' id='word_1_120' title='bbox 989 2356 1115 2432; x_wconf 81' lang='lat' dir='ltr'>Cogitat,</span> <span class='ocrx_word' id='word_1_121' title='bbox 1150 2354 1247 2414; x_wconf 86' lang='lat' dir='ltr'>credit</span> <span class='ocrx_word' id='word_1_122' title='bbox 1272 2353 1316 2420; x_wconf 82' lang='lat' dir='ltr'>[ni</span> 
     </span>
     <span class='ocr_line' id='line_1_20' title="bbox 367 2441 1315 2521; baseline -0.003 -19"><span class='ocrx_word' id='word_1_123' title='bbox 367 2442 470 2518; x_wconf 80' lang='lat' dir='ltr'>cauffo</span> <span class='ocrx_word' id='word_1_124' title='bbox 484 2445 606 2521; x_wconf 71' lang='lat' dir='ltr'>saliam</span> <span class='ocrx_word' id='word_1_125' title='bbox 628 2442 770 2513; x_wconf 82' lang='lat' dir='ltr'>tellurem,</span> <span class='ocrx_word' id='word_1_126' title='bbox 796 2441 834 2516; x_wconf 83' lang='lat' dir='ltr'>se</span> <span class='ocrx_word' id='word_1_127' title='bbox 856 2441 1016 2518; x_wconf 81' lang='lat' dir='ltr'>aliqnando</span> <span class='ocrx_word' id='word_1_128' title='bbox 1038 2443 1143 2500; x_wconf 81' lang='lat' dir='ltr'>iterum</span> <span class='ocrx_word' id='word_1_129' title='bbox 1171 2444 1240 2506; x_wconf 82' lang='lat' dir='ltr'>tore</span> <span class='ocrx_word' id='word_1_130' title='bbox 1264 2443 1315 2499; x_wconf 86' lang='lat' dir='ltr'>im-</span> 
     </span>
     <span class='ocr_line' id='line_1_21' title="bbox 362 2528 963 2609; baseline -0.007 -21"><span class='ocrx_word' id='word_1_131' title='bbox 362 2538 524 2609; x_wconf 86' lang='lat' dir='ltr'>perantem,</span> <span class='ocrx_word' id='word_1_132' title='bbox 544 2528 576 2605; x_wconf 82' lang='lat' dir='ltr'><em>fi</em></span> <span class='ocrx_word' id='word_1_133' title='bbox 586 2528 666 2605; x_wconf 78' lang='lat' dir='ltr'>fides</span> <span class='ocrx_word' id='word_1_134' title='bbox 683 2529 963 2608; x_wconf 82' lang='lat' dir='ltr'>peregrinatoribus.</span> 
     </span>
    </p>
   </div>
   <div class='ocr_carea' id='block_1_4' title="bbox 1195 3124 1315 3199">
    <p class='ocr_par' dir='ltr' id='par_1_4' title="bbox 1195 3124 1315 3199">
     <span class='ocr_line' id='line_1_22' title="bbox 1195 3124 1315 3199; baseline 0.017 -3"><span class='ocrx_word' id='word_1_135' title='bbox 1195 3149 1229 3199; x_wconf 92' lang='lat'>2.</span> <span class='ocrx_word' id='word_1_136' title='bbox 1258 3124 1315 3198; x_wconf 90' lang='lat' dir='ltr'>Sl-</span> 
     </span>
    </p>
   </div>
   <div class='ocr_carea' id='block_1_5' title="bbox 126 3295 1320 4604">
    <p class='ocr_par' dir='ltr' id='par_1_5' title="bbox 129 3295 1319 3780">
     <span class='ocr_line' id='line_1_23' title="bbox 129 3295 1319 3365; baseline -0.002 -16"><span class='ocrx_word' id='word_1_137' title='bbox 129 3297 157 3365; x_wconf 80' lang='lat'>*)</span> <span class='ocrx_word' id='word_1_138' title='bbox 196 3300 281 3349; x_wconf 81' lang='lat' dir='ltr'>Genus</span> <span class='ocrx_word' id='word_1_139' title='bbox 298 3298 466 3363; x_wconf 71' lang='lat' dir='ltr'>Troglodytae</span> <span class='ocrx_word' id='word_1_140' title='bbox 485 3298 518 3346; x_wconf 87' lang='lat' dir='ltr'>ab</span> <span class='ocrx_word' id='word_1_141' title='bbox 536 3297 650 3346; x_wconf 89' lang='lat' dir='ltr'>Homine</span> <span class='ocrx_word' id='word_1_142' title='bbox 669 3295 821 3360; x_wconf 73' lang='lat' dir='ltr'>dissindtum,</span> <span class='ocrx_word' id='word_1_143' title='bbox 840 3298 956 3348; x_wconf 84' lang='lat' dir='ltr'>adhibita</span> <span class='ocrx_word' id='word_1_144' title='bbox 974 3296 1090 3361; x_wconf 82' lang='lat' dir='ltr'>quamvis</span> <span class='ocrx_word' id='word_1_145' title='bbox 1109 3298 1181 3346; x_wconf 90' lang='lat' dir='ltr'>omui</span> <span class='ocrx_word' id='word_1_146' title='bbox 1198 3298 1319 3347; x_wconf 85' lang='lat' dir='ltr'>attentio·</span> 
     </span>
     <span class='ocr_line' id='line_1_24' title="bbox 196 3365 1318 3431; baseline -0.001 -15"><span class='ocrx_word' id='word_1_147' title='bbox 196 3383 239 3429; x_wconf 89' lang='lat' dir='ltr'>ne,</span> <span class='ocrx_word' id='word_1_148' title='bbox 260 3367 378 3418; x_wconf 86' lang='lat' dir='ltr'>obtinere</span> <span class='ocrx_word' id='word_1_149' title='bbox 396 3383 450 3416; x_wconf 91' lang='lat' dir='ltr'>non</span> <span class='ocrx_word' id='word_1_150' title='bbox 473 3365 553 3431; x_wconf 90' lang='lat' dir='ltr'>potui,</span> <span class='ocrx_word' id='word_1_151' title='bbox 581 3365 625 3414; x_wconf 82' lang='lat' dir='ltr'>uisi</span> <span class='ocrx_word' id='word_1_152' title='bbox 651 3365 802 3416; x_wconf 80' lang='lat' dir='ltr'>assumerem</span> <span class='ocrx_word' id='word_1_153' title='bbox 819 3373 908 3416; x_wconf 88' lang='lat' dir='ltr'>notam</span> <span class='ocrx_word' id='word_1_154' title='bbox 925 3367 1062 3427; x_wconf 84' lang='lat' dir='ltr'>lubricam,</span> <span class='ocrx_word' id='word_1_155' title='bbox 1088 3365 1116 3414; x_wconf 90' lang='lat' dir='ltr'>iu</span> <span class='ocrx_word' id='word_1_156' title='bbox 1138 3366 1195 3416; x_wconf 84' lang='lat' dir='ltr'>aliis</span> <span class='ocrx_word' id='word_1_157' title='bbox 1215 3367 1318 3430; x_wconf 87' lang='lat' dir='ltr'>generi-</span> 
     </span>
     <span class='ocr_line' id='line_1_25' title="bbox 197 3430 1318 3498; baseline 0 -13"><span class='ocrx_word' id='word_1_158' title='bbox 197 3438 245 3485; x_wconf 91' lang='lat' dir='ltr'>bus</span> <span class='ocrx_word' id='word_1_159' title='bbox 267 3451 322 3486; x_wconf 87' lang='lat' dir='ltr'>non</span> <span class='ocrx_word' id='word_1_160' title='bbox 345 3436 511 3486; x_wconf 84' lang='lat' dir='ltr'>constantem.</span> <span class='ocrx_word' id='word_1_161' title='bbox 552 3435 609 3485; x_wconf 88' lang='lat' dir='ltr'>Nec</span> <span class='ocrx_word' id='word_1_162' title='bbox 633 3435 732 3485; x_wconf 85' lang='lat' dir='ltr'>Dentes</span> <span class='ocrx_word' id='word_1_163' title='bbox 759 3434 871 3494; x_wconf 88' lang='lat' dir='ltr'>laniarii,</span> <span class='ocrx_word' id='word_1_164' title='bbox 901 3436 1008 3484; x_wconf 87' lang='lat' dir='ltr'>minime</span> <span class='ocrx_word' id='word_1_165' title='bbox 1035 3451 1051 3483; x_wconf 86' lang='lat' dir='ltr'>a</span> <span class='ocrx_word' id='word_1_166' title='bbox 1077 3430 1185 3498; x_wconf 87' lang='lat' dir='ltr'>reliquis</span> <span class='ocrx_word' id='word_1_167' title='bbox 1214 3435 1318 3494; x_wconf 68' lang='lat' dir='ltr'>remoti,</span> 
     </span>
     <span class='ocr_line' id='line_1_26' title="bbox 198 3502 1317 3570; baseline -0.002 -16"><span class='ocrx_word' id='word_1_168' title='bbox 198 3521 247 3555; x_wconf 88' lang='lat' dir='ltr'>nec</span> <span class='ocrx_word' id='word_1_169' title='bbox 274 3505 403 3570; x_wconf 79' lang='lat' dir='ltr'>Nymphae</span> <span class='ocrx_word' id='word_1_170' title='bbox 436 3504 534 3567; x_wconf 86' lang='lat' dir='ltr'>Caffrae,</span> <span class='ocrx_word' id='word_1_171' title='bbox 570 3505 663 3568; x_wconf 85' lang='lat' dir='ltr'>quibus</span> <span class='ocrx_word' id='word_1_172' title='bbox 687 3511 775 3554; x_wconf 77' lang='lat' dir='ltr'>carent</span> <span class='ocrx_word' id='word_1_173' title='bbox 797 3504 891 3562; x_wconf 79' lang='lat' dir='ltr'>Simiae,</span> <span class='ocrx_word' id='word_1_174' title='bbox 924 3505 994 3553; x_wconf 91' lang='lat' dir='ltr'>hunc</span> <span class='ocrx_word' id='word_1_175' title='bbox 1022 3504 1055 3552; x_wconf 89' lang='lat' dir='ltr'>ad</span> <span class='ocrx_word' id='word_1_176' title='bbox 1083 3502 1165 3552; x_wconf 78' lang='lat' dir='ltr'>simias</span> <span class='ocrx_word' id='word_1_177' title='bbox 1193 3506 1317 3554; x_wconf 85' lang='lat' dir='ltr'>reducere</span> 
     </span>
     <span class='ocr_line' id='line_1_27' title="bbox 198 3573 1318 3638; baseline -0.002 -15"><span class='ocrx_word' id='word_1_178' title='bbox 198 3575 376 3624; x_wconf 76' lang='lat' dir='ltr'>admittebant.</span> <span class='ocrx_word' id='word_1_179' title='bbox 413 3574 548 3638; x_wconf 83' lang='lat' dir='ltr'>inquirant</span> <span class='ocrx_word' id='word_1_180' title='bbox 566 3580 678 3638; x_wconf 87' lang='lat' dir='ltr'>autoptae</span> <span class='ocrx_word' id='word_1_181' title='bbox 696 3574 722 3621; x_wconf 91' lang='lat' dir='ltr'>in</span> <span class='ocrx_word' id='word_1_182' title='bbox 740 3573 811 3635; x_wconf 86' lang='lat' dir='ltr'>vivo,</span> <span class='ocrx_word' id='word_1_183' title='bbox 834 3588 885 3637; x_wconf 92' lang='lat' dir='ltr'>qua</span> <span class='ocrx_word' id='word_1_184' title='bbox 902 3573 1015 3635; x_wconf 88' lang='lat' dir='ltr'>ratione,</span> <span class='ocrx_word' id='word_1_185' title='bbox 1038 3573 1117 3621; x_wconf 91' lang='lat' dir='ltr'>modo</span> <span class='ocrx_word' id='word_1_186' title='bbox 1137 3582 1206 3623; x_wconf 85' lang='lat' dir='ltr'>notae</span> <span class='ocrx_word' id='word_1_187' title='bbox 1226 3573 1318 3637; x_wconf 86' lang='lat' dir='ltr'>aliqnae</span> 
     </span>
     <span class='ocr_line' id='line_1_28' title="bbox 197 3641 1317 3707; baseline -0.004 -14"><span class='ocrx_word' id='word_1_188' title='bbox 197 3644 310 3705; x_wconf 88' lang='lat' dir='ltr'>existant,</span> <span class='ocrx_word' id='word_1_189' title='bbox 325 3645 357 3694; x_wconf 85' lang='lat' dir='ltr'>ab</span> <span class='ocrx_word' id='word_1_190' title='bbox 370 3643 483 3693; x_wconf 88' lang='lat' dir='ltr'>hominis</span> <span class='ocrx_word' id='word_1_191' title='bbox 497 3643 600 3692; x_wconf 89' lang='lat' dir='ltr'>Genere</span> <span class='ocrx_word' id='word_1_192' title='bbox 613 3642 724 3706; x_wconf 87' lang='lat' dir='ltr'>separari</span> <span class='ocrx_word' id='word_1_193' title='bbox 737 3649 822 3706; x_wconf 87' lang='lat' dir='ltr'>queat,</span> <span class='ocrx_word' id='word_1_194' title='bbox 841 3658 902 3690; x_wconf 82' lang='lat' dir='ltr'>nom</span> <span class='ocrx_word' id='word_1_195' title='bbox 915 3642 1077 3704; x_wconf 81' lang='lat' dir='ltr'>tntcrstmius</span> <span class='ocrx_word' id='word_1_196' title='bbox 1089 3641 1233 3706; x_wconf 85' lang='lat' dir='ltr'>versantem</span> <span class='ocrx_word' id='word_1_197' title='bbox 1247 3651 1317 3707; x_wconf 76' lang='lat' dir='ltr'>opor-</span> 
     </span>
     <span class='ocr_line' id='line_1_29' title="bbox 199 3711 606 3780; baseline -0.005 -18"><span class='ocrx_word' id='word_1_198' title='bbox 199 3720 233 3763; x_wconf 86' lang='lat' dir='ltr'>tet</span> <span class='ocrx_word' id='word_1_199' title='bbox 251 3714 296 3778; x_wconf 83' lang='lat' dir='ltr'>effe</span> <span class='ocrx_word' id='word_1_200' title='bbox 307 3714 420 3780; x_wconf 71' lang='lat' dir='ltr'>findam.</span> <span class='ocrx_word' id='word_1_201' title='bbox 459 3711 606 3776; x_wconf 81' lang='lat' dir='ltr'>Apollodor.</span> 
     </span>
    </p>

    <p class='ocr_par' dir='ltr' id='par_1_6' title="bbox 127 3776 1318 3984">
     <span class='ocr_line' id='line_1_30' title="bbox 127 3776 1318 3848; baseline -0.004 -16"><span class='ocrx_word' id='word_1_202' title='bbox 127 3783 239 3848; x_wconf 82' lang='lat' dir='ltr'>Speciem</span> <span class='ocrx_word' id='word_1_203' title='bbox 257 3782 425 3846; x_wconf 83' lang='lat' dir='ltr'>Troglodytae</span> <span class='ocrx_word' id='word_1_204' title='bbox 444 3782 476 3830; x_wconf 92' lang='lat' dir='ltr'>ab</span> <span class='ocrx_word' id='word_1_205' title='bbox 496 3781 608 3829; x_wconf 84' lang='lat' dir='ltr'>Homine</span> <span class='ocrx_word' id='word_1_206' title='bbox 628 3778 741 3845; x_wconf 86' lang='lat' dir='ltr'>sapiente</span> <span class='ocrx_word' id='word_1_207' title='bbox 760 3776 977 3840; x_wconf 74' lang='lat' dir='ltr'>distindtissrmam,</span> <span class='ocrx_word' id='word_1_208' title='bbox 997 3795 1047 3828; x_wconf 86' lang='lat' dir='ltr'>nec</span> <span class='ocrx_word' id='word_1_209' title='bbox 1065 3779 1144 3827; x_wconf 79' lang='lat' dir='ltr'>nostri</span> <span class='ocrx_word' id='word_1_210' title='bbox 1162 3780 1269 3843; x_wconf 85' lang='lat' dir='ltr'>generis</span> <span class='ocrx_word' id='word_1_211' title='bbox 1288 3778 1318 3827; x_wconf 90' lang='lat' dir='ltr'>il·</span> 
     </span>
     <span class='ocr_line' id='line_1_31' title="bbox 197 3846 1318 3915; baseline -0.004 -15"><span class='ocrx_word' id='word_1_212' title='bbox 197 3850 248 3900; x_wconf 87' lang='lat' dir='ltr'>lam</span> <span class='ocrx_word' id='word_1_213' title='bbox 260 3867 308 3900; x_wconf 88' lang='lat' dir='ltr'>nec</span> <span class='ocrx_word' id='word_1_214' title='bbox 322 3850 452 3915; x_wconf 76' lang='lat' dir='ltr'>sangvinis</span> <span class='ocrx_word' id='word_1_215' title='bbox 470 3848 527 3910; x_wconf 83' lang='lat' dir='ltr'>elle,</span> <span class='ocrx_word' id='word_1_216' title='bbox 547 3849 639 3898; x_wconf 83' lang='lat' dir='ltr'>statura</span> <span class='ocrx_word' id='word_1_217' title='bbox 657 3849 773 3913; x_wconf 81' lang='lat' dir='ltr'>quamvis</span> <span class='ocrx_word' id='word_1_218' title='bbox 790 3847 950 3911; x_wconf 79' lang='lat' dir='ltr'>simillimam,</span> <span class='ocrx_word' id='word_1_219' title='bbox 970 3849 1077 3897; x_wconf 90' lang='lat' dir='ltr'>dubium</span> <span class='ocrx_word' id='word_1_220' title='bbox 1089 3847 1200 3907; x_wconf 86' lang='lat' dir='ltr'>nonest,</span> <span class='ocrx_word' id='word_1_221' title='bbox 1221 3864 1256 3897; x_wconf 90' lang='lat' dir='ltr'>ne</span> <span class='ocrx_word' id='word_1_222' title='bbox 1273 3846 1318 3897; x_wconf 87' lang='lat' dir='ltr'>ita·</span> 
     </span>
     <span class='ocr_line' id='line_1_32' title="bbox 197 3914 1318 3984; baseline -0.002 -17"><span class='ocrx_word' id='word_1_223' title='bbox 197 3935 248 3984; x_wconf 91' lang='lat' dir='ltr'>que</span> <span class='ocrx_word' id='word_1_224' title='bbox 266 3920 415 3969; x_wconf 84' lang='lat' dir='ltr'>varietatem</span> <span class='ocrx_word' id='word_1_225' title='bbox 433 3919 533 3979; x_wconf 88' lang='lat' dir='ltr'>credas,</span> <span class='ocrx_word' id='word_1_226' title='bbox 555 3934 631 3981; x_wconf 86' lang='lat' dir='ltr'>quarn</span> <span class='ocrx_word' id='word_1_227' title='bbox 651 3919 693 3966; x_wconf 86' lang='lat' dir='ltr'>vel</span> <span class='ocrx_word' id='word_1_228' title='bbox 711 3916 765 3967; x_wconf 90' lang='lat' dir='ltr'>sola</span> <span class='ocrx_word' id='word_1_229' title='bbox 782 3917 935 3967; x_wconf 88' lang='lat' dir='ltr'>Membrana</span> <span class='ocrx_word' id='word_1_230' title='bbox 952 3914 1073 3966; x_wconf 75' lang='lat' dir='ltr'>nidtitans</span> <span class='ocrx_word' id='word_1_231' title='bbox 1096 3915 1212 3966; x_wconf 83' lang='lat' dir='ltr'>absolute</span> <span class='ocrx_word' id='word_1_232' title='bbox 1236 3925 1318 3981; x_wconf 81' lang='lat' dir='ltr'>negat</span> 
     </span>
    </p>

    <p class='ocr_par' dir='ltr' id='par_1_7' title="bbox 127 3984 1317 4190">
     <span class='ocr_line' id='line_1_33' title="bbox 127 3984 1317 4052; baseline -0.001 -17"><span class='ocrx_word' id='word_1_233' title='bbox 127 3988 191 4052; x_wconf 83' lang='lat' dir='ltr'>Afri</span> <span class='ocrx_word' id='word_1_234' title='bbox 209 3987 279 4037; x_wconf 90' lang='lat' dir='ltr'>Pilos</span> <span class='ocrx_word' id='word_1_235' title='bbox 298 3988 540 4052; x_wconf 87' lang='lat' dir='ltr'>contortuplicatos,</span> <span class='ocrx_word' id='word_1_236' title='bbox 564 3986 679 4050; x_wconf 82' lang='lat' dir='ltr'>quamvis</span> <span class='ocrx_word' id='word_1_237' title='bbox 702 3987 786 4050; x_wconf 87' lang='lat' dir='ltr'>albos,</span> <span class='ocrx_word' id='word_1_238' title='bbox 810 3986 837 4035; x_wconf 90' lang='lat' dir='ltr'>in</span> <span class='ocrx_word' id='word_1_239' title='bbox 861 3986 913 4035; x_wconf 89' lang='lat' dir='ltr'>hoc</span> <span class='ocrx_word' id='word_1_240' title='bbox 931 3986 1037 4035; x_wconf 91' lang='lat' dir='ltr'>miratus</span> <span class='ocrx_word' id='word_1_241' title='bbox 1062 3984 1121 4044; x_wconf 90' lang='lat' dir='ltr'>snm,</span> <span class='ocrx_word' id='word_1_242' title='bbox 1146 3985 1251 4035; x_wconf 86' lang='lat' dir='ltr'>collatis</span> <span class='ocrx_word' id='word_1_243' title='bbox 1275 3986 1317 4034; x_wconf 86' lang='lat' dir='ltr'>im·</span> 
     </span>
     <span class='ocr_line' id='line_1_34' title="bbox 197 4054 1317 4121; baseline -0.003 -17"><span class='ocrx_word' id='word_1_244' title='bbox 197 4057 286 4121; x_wconf 86' lang='lat' dir='ltr'>primis</span> <span class='ocrx_word' id='word_1_245' title='bbox 316 4056 473 4105; x_wconf 76' lang='lat' dir='ltr'>varietatum</span> <span class='ocrx_word' id='word_1_246' title='bbox 503 4055 592 4105; x_wconf 76' lang='lat' dir='ltr'>caussis</span> <span class='ocrx_word' id='word_1_247' title='bbox 622 4054 648 4103; x_wconf 89' lang='lat' dir='ltr'>in</span> <span class='ocrx_word' id='word_1_248' title='bbox 676 4054 785 4115; x_wconf 75' lang='lat' dir='ltr'>Planus,</span> <span class='ocrx_word' id='word_1_249' title='bbox 817 4055 843 4104; x_wconf 89' lang='lat' dir='ltr'>in</span> <span class='ocrx_word' id='word_1_250' title='bbox 867 4054 942 4104; x_wconf 85' lang='lat' dir='ltr'>Pullo</span> <span class='ocrx_word' id='word_1_251' title='bbox 968 4055 1129 4111; x_wconf 88' lang='lat' dir='ltr'>Gallinaceo,</span> <span class='ocrx_word' id='word_1_252' title='bbox 1156 4070 1207 4103; x_wconf 88' lang='lat' dir='ltr'>nec</span> <span class='ocrx_word' id='word_1_253' title='bbox 1235 4063 1317 4104; x_wconf 88' lang='lat' dir='ltr'>tamen</span> 
     </span>
     <span class='ocr_line' id='line_1_35' title="bbox 199 4124 835 4190; baseline -0.003 -16"><span class='ocrx_word' id='word_1_254' title='bbox 199 4125 340 4190; x_wconf 85' lang='lat' dir='ltr'>quidquam</span> <span class='ocrx_word' id='word_1_255' title='bbox 358 4126 390 4174; x_wconf 91' lang='lat' dir='ltr'>de</span> <span class='ocrx_word' id='word_1_256' title='bbox 409 4124 503 4173; x_wconf 86' lang='lat' dir='ltr'>Mauris</span> <span class='ocrx_word' id='word_1_257' title='bbox 522 4125 588 4173; x_wconf 89' lang='lat' dir='ltr'>albis</span> <span class='ocrx_word' id='word_1_258' title='bbox 607 4139 640 4173; x_wconf 81' lang='lat' dir='ltr'>ex</span> <span class='ocrx_word' id='word_1_259' title='bbox 657 4124 737 4187; x_wconf 82' lang='lat' dir='ltr'>nigris</span> <span class='ocrx_word' id='word_1_260' title='bbox 757 4124 835 4173; x_wconf 84' lang='lat' dir='ltr'>statui.</span> 
     </span>
    </p>

    <p class='ocr_par' dir='ltr' id='par_1_8' title="bbox 129 4191 1320 4313">
     <span class='ocr_line' id='line_1_36' title="bbox 129 4191 1320 4257; baseline -0.002 -15"><span class='ocrx_word' id='word_1_261' title='bbox 129 4192 315 4243; x_wconf 71' lang='lat' dir='ltr'>Praedamitas</span> <span class='ocrx_word' id='word_1_262' title='bbox 339 4209 388 4242; x_wconf 88' lang='lat' dir='ltr'>nec</span> <span class='ocrx_word' id='word_1_263' title='bbox 412 4193 465 4242; x_wconf 82' lang='lat' dir='ltr'>dixi</span> <span class='ocrx_word' id='word_1_264' title='bbox 492 4193 540 4242; x_wconf 90' lang='lat' dir='ltr'>hos</span> <span class='ocrx_word' id='word_1_265' title='bbox 566 4192 742 4257; x_wconf 76' lang='lat' dir='ltr'>Troglodytas</span> <span class='ocrx_word' id='word_1_266' title='bbox 768 4192 853 4254; x_wconf 86' lang='lat' dir='ltr'>Plinii,</span> <span class='ocrx_word' id='word_1_267' title='bbox 883 4193 998 4257; x_wconf 85' lang='lat' dir='ltr'>quamvis</span> <span class='ocrx_word' id='word_1_268' title='bbox 1026 4208 1073 4242; x_wconf 86' lang='lat' dir='ltr'>nos</span> <span class='ocrx_word' id='word_1_269' title='bbox 1101 4191 1219 4242; x_wconf 89' lang='lat' dir='ltr'>ultimum</span> <span class='ocrx_word' id='word_1_270' title='bbox 1249 4192 1320 4242; x_wconf 76' lang='lat' dir='ltr'>simus</span> 
     </span>
     <span class='ocr_line' id='line_1_37' title="bbox 199 4263 436 4313; baseline -0.013 0"><span class='ocrx_word' id='word_1_271' title='bbox 199 4263 343 4313; x_wconf 81' lang='lat' dir='ltr'>Creationis</span> <span class='ocrx_word' id='word_1_272' title='bbox 362 4278 378 4311; x_wconf 93' lang='lat' dir='ltr'>o</span> <span class='ocrx_word' id='word_1_273' title='bbox 400 4278 436 4311; x_wconf 89' lang='lat' dir='ltr'>us.</span> 
     </span>
    </p>

    <p class='ocr_par' dir='ltr' id='par_1_9' title="bbox 126 4278 1318 4604">
     <span class='ocr_line' id='line_1_38' title="bbox 126 4278 1316 4394; baseline -0.002 -15"><span class='ocrx_word' id='word_1_274' title='bbox 126 4330 212 4381; x_wconf 83' lang='lat' dir='ltr'>Homo</span> <span class='ocrx_word' id='word_1_275' title='bbox 230 4332 353 4381; x_wconf 82' lang='lat' dir='ltr'>caudatus</span> <span class='ocrx_word' id='word_1_276' title='bbox 370 4278 494 4394; x_wconf 62' lang='lat' dir='ltr'>hirsutus.</span> <span class='ocrx_word' id='word_1_277' title='bbox 513 4328 642 4393; x_wconf 79' lang='lat' dir='ltr'>Maupert.</span> <span class='ocrx_word' id='word_1_278' title='bbox 656 4331 723 4394; x_wconf 83' lang='lat' dir='ltr'>epist.</span> <span class='ocrx_word' id='word_1_279' title='bbox 739 4336 762 4381; x_wconf 87' lang='grc'>7.</span> <span class='ocrx_word' id='word_1_280' title='bbox 776 4331 855 4394; x_wconf 74' lang='lat' dir='ltr'>Kib&#39;p.</span> <span class='ocrx_word' id='word_1_281' title='bbox 870 4331 899 4378; x_wconf 85' lang='lat' dir='ltr'>it.</span> <span class='ocrx_word' id='word_1_282' title='bbox 917 4336 955 4381; x_wconf 78' lang='lat'>79.</span> <span class='ocrx_word' id='word_1_283' title='bbox 975 4331 1053 4379; x_wconf 84' lang='lat' dir='ltr'>Bont.</span> <span class='ocrx_word' id='word_1_284' title='bbox 1061 4331 1121 4394; x_wconf 77' lang='lat' dir='ltr'>jun.</span> <span class='ocrx_word' id='word_1_285' title='bbox 1135 4335 1178 4389; x_wconf 83' lang='grc'>85,</span> <span class='ocrx_word' id='word_1_286' title='bbox 1199 4347 1235 4379; x_wconf 83' lang='lat' dir='ltr'>un</span> <span class='ocrx_word' id='word_1_287' title='bbox 1249 4331 1316 4379; x_wconf 68' lang='lat' dir='ltr'>Ater.</span> 
     </span>
     <span class='ocr_line' id='line_1_39' title="bbox 197 4397 1318 4464; baseline -0.001 -16"><span class='ocrx_word' id='word_1_288' title='bbox 197 4399 270 4464; x_wconf 78' lang='lat' dir='ltr'>digit.</span> <span class='ocrx_word' id='word_1_289' title='bbox 284 4400 355 4451; x_wconf 70' lang='lat'>919?</span> <span class='ocrx_word' id='word_1_290' title='bbox 381 4399 467 4450; x_wconf 84' lang='lat' dir='ltr'>incola</span> <span class='ocrx_word' id='word_1_291' title='bbox 487 4398 557 4448; x_wconf 90' lang='lat' dir='ltr'>orbis</span> <span class='ocrx_word' id='word_1_292' title='bbox 580 4397 723 4460; x_wconf 76' lang='lat' dir='ltr'>antarttici,</span> <span class='ocrx_word' id='word_1_293' title='bbox 745 4400 821 4450; x_wconf 91' lang='lat' dir='ltr'>nobis</span> <span class='ocrx_word' id='word_1_294' title='bbox 840 4399 952 4463; x_wconf 85' lang='lat' dir='ltr'>ignotus,</span> <span class='ocrx_word' id='word_1_295' title='bbox 976 4399 1091 4463; x_wconf 89' lang='lat' dir='ltr'>ideoque</span> <span class='ocrx_word' id='word_1_296' title='bbox 1108 4407 1192 4449; x_wconf 90' lang='lat' dir='ltr'>utrum</span> <span class='ocrx_word' id='word_1_297' title='bbox 1210 4401 1245 4449; x_wconf 85' lang='lat' dir='ltr'>ad</span> <span class='ocrx_word' id='word_1_298' title='bbox 1263 4400 1318 4448; x_wconf 87' lang='lat' dir='ltr'>Ho-</span> 
     </span>
     <span class='ocr_line' id='line_1_40' title="bbox 197 4467 1318 4535; baseline -0.003 -17"><span class='ocrx_word' id='word_1_299' title='bbox 197 4469 272 4519; x_wconf 84' lang='lat' dir='ltr'>minis</span> <span class='ocrx_word' id='word_1_300' title='bbox 290 4477 334 4520; x_wconf 90' lang='lat' dir='ltr'>aut</span> <span class='ocrx_word' id='word_1_301' title='bbox 352 4469 437 4518; x_wconf 83' lang='lat' dir='ltr'>Simiae</span> <span class='ocrx_word' id='word_1_302' title='bbox 455 4484 536 4535; x_wconf 84' lang='lat' dir='ltr'>genus</span> <span class='ocrx_word' id='word_1_303' title='bbox 554 4467 689 4532; x_wconf 87' lang='lat' dir='ltr'>pertineat,</span> <span class='ocrx_word' id='word_1_304' title='bbox 707 4484 761 4517; x_wconf 91' lang='lat' dir='ltr'>non</span> <span class='ocrx_word' id='word_1_305' title='bbox 779 4468 931 4519; x_wconf 89' lang='lat' dir='ltr'>determino.</span> <span class='ocrx_word' id='word_1_306' title='bbox 967 4468 1062 4517; x_wconf 85' lang='lat' dir='ltr'>Mirum</span> <span class='ocrx_word' id='word_1_307' title='bbox 1080 4470 1151 4532; x_wconf 92' lang='lat' dir='ltr'>quod</span> <span class='ocrx_word' id='word_1_308' title='bbox 1169 4468 1258 4532; x_wconf 83' lang='lat' dir='ltr'>ignem</span> <span class='ocrx_word' id='word_1_309' title='bbox 1278 4484 1318 4516; x_wconf 82' lang='lat' dir='ltr'>ex-</span> 
     </span>
     <span class='ocr_line' id='line_1_41' title="bbox 197 4536 1317 4604; baseline -0.001 -19"><span class='ocrx_word' id='word_1_310' title='bbox 197 4538 266 4600; x_wconf 85' lang='lat' dir='ltr'>citet,</span> <span class='ocrx_word' id='word_1_311' title='bbox 293 4553 435 4603; x_wconf 82' lang='lat' dir='ltr'>carnesque</span> <span class='ocrx_word' id='word_1_312' title='bbox 454 4538 522 4599; x_wconf 89' lang='lat' dir='ltr'>asset,</span> <span class='ocrx_word' id='word_1_313' title='bbox 549 4537 663 4604; x_wconf 84' lang='lat' dir='ltr'>quamvis</span> <span class='ocrx_word' id='word_1_314' title='bbox 682 4538 703 4588; x_wconf 77' lang='lat' dir='ltr'>dr</span> <span class='ocrx_word' id='word_1_315' title='bbox 721 4538 813 4587; x_wconf 84' lang='lat' dir='ltr'>crudas</span> <span class='ocrx_word' id='word_1_316' title='bbox 832 4545 905 4588; x_wconf 81' lang='lat' dir='ltr'>voret</span> <span class='ocrx_word' id='word_1_317' title='bbox 922 4536 1069 4587; x_wconf 85' lang='lat' dir='ltr'>testimonio</span> <span class='ocrx_word' id='word_1_318' title='bbox 1088 4537 1317 4602; x_wconf 74' lang='lat' dir='ltr'>Peregrinantium.</span> 
     </span>
    </p>
   </div>
   <div class='ocr_carea' id='block_1_6' title="bbox 0 0 1370 5084">
    <p class='ocr_par' dir='ltr' id='par_1_10' title="bbox 0 0 1370 5084">
     <span class='ocr_line' id='line_1_42' title="bbox 0 0 1370 5084; baseline 0 1"><span class='ocrx_word' id='word_1_319' title='bbox 0 0 1370 5084; x_wconf 95' lang='lat' dir='ltr'> </span> 
     </span>
    </p>
   </div>
  </div>
 </body>
</html>
