2730 5084
91 670 128 711 10
453 645 641 711 REGNUM
663 645 881 710 ANIMALE.

128 819 251 883 AURIs:
287 825 464 900 Tynpnnum
487 820 686 881 membranae
709 821 808 883 corda
830 818 927 884 tensae
951 819 1044 901 super
1068 821 1235 899 cochleam,

171 927 190 968 a
213 916 304 969 motu
328 905 458 969 aetheris
480 915 631 968 tremens.

63 1069 65 1072 .
129 992 260 1055 Nasus:
294 997 472 1055 Membrana
499 992 654 1068 latissima,
687 990 831 1069 humida,
865 992 1147 1076 contortuplicata,
1173 995 1240 1057 aeris

172 1080 387 1160 perreptantis
409 1078 551 1141 volatilia
573 1077 686 1159 figens.

128 1164 280 1244 LINGVA:
315 1169 478 1247 Sponginloe
507 1164 636 1251 bibulae,
668 1162 792 1245 sparsa,
826 1162 963 1226 humido
994 1162 1138 1248 solutum
1170 1173 1242 1229 atta·

171 1251 296 1312 hentes.

129 1339 288 1400 'factust
332 1340 455 1418 Ilzpillre
494 1335 717 1413 molliusculae,
765 1335 905 1417 figuram
941 1335 1127 1416 impressam
1167 1336 1242 1401 bren·

173 1423 375 1486 assumentes

129 1511 188 1573 His
203 1510 347 1592 gaudent
362 1508 501 1590 plurima
516 1507 689 1584 Animalia,
710 1505 762 1570 sed
779 1527 845 1570 non
861 1509 981 1570 omnia.
1007 1507 1104 1572 Plura
1119 1507 1143 1571 si
1158 1506 1243 1573 Crea-

172 1596 231 1658 tori
249 1598 369 1659 addere
385 1594 560 1677 placuisset,
579 1596 673 1676 plura
687 1593 919 1675 percepissent;
939 1596 984 1656 uti
996 1594 1156 1677 Magnete
1170 1615 1244 1677 pra·

172 1682 304 1745 sentiam
325 1682 423 1756 Ferri,
450 1679 580 1743 Electro
604 1678 818 1743 elestricitatis
839 1680 1073 1762 phaenomena.
1107 1686 1243 1745 antenna

171 1767 302 1832 infestis
325 1768 395 1830 solis
419 1766 580 1845 concessit,
608 1767 702 1829 nobis
725 1787 819 1846 aeque
842 1770 969 1847 ignotas
991 1786 1031 1829 ac
1054 1766 1115 1829 illis
1137 1764 1241 1831 Aures

130 1857 254 1918 indicat
270 1859 380 1917 Oculus
396 1874 438 1915 ex
454 1853 535 1929 luce,
554 1860 647 1916 Anris
663 1874 703 1914 ex
719 1852 839 1914 aethere
855 1854 1155 1934 appropinquantia
1161 1878 1170 1929 ;
1185 1874 1243 1936 per·

173 1943 250 2022 cipit
272 1947 382 2003 Tullus
399 1961 439 2001 ex
456 1941 575 2001 unione
593 1939 691 2002 solida
706 1937 888 2020 praesentia;
905 1941 1073 2001 examinat
1083 1943 1187 2022 Nasus
1196 1959 1243 2001 vo

173 2027 269 2089 latilia
299 2028 413 2103 nerviS,
446 2031 565 2104 Lingua
594 2025 738 2088 solubilia
767 2025 864 2098 fibris,
891 2025 1097 2087 assumenda:
1128 2024 1152 2089 s.
1178 2044 1243 2088 con-

174 2113 255 2175 cessa
278 2112 432 2187 salutaria,
461 2112 481 2174 s.
508 2113 605 2174 vetita
628 2113 737 2173 noxia.

88 2249 313 2315 COGITANS
337 2250 435 2312 allicit
458 2252 499 2313 ad
524 2253 599 2311 aelle
622 2258 760 2330 gratum,
787 2256 843 2312 aut
862 2253 940 2311 ‘nolle
961 2249 1139 2330 ingratum.

88 2389 257 2453 GAUmom
271 2387 403 2470 puerile,
501 2387 722 2468 sanguineum,
735 2386 879 2463 rubrum,
1007 2384 1163 2466 oleosum,

271 2472 486 2555 spongiosum,
500 2474 646 2554 tepidum
736 2472 834 2534 libere
850 2470 987 2554 pulsans,
1006 2471 1175 2550 anhelans,

273 2561 389 2634 ridens,
500 2558 701 2640 transpiranS,
735 2569 913 2639 promtum.
1014 2563 1093 2622 Vita.

87 2650 209 2711 ltlETUS
268 2646 428 2726 juvenilis,
500 2646 709 2726 phlegmatic.
735 2643 921 2726 pallescens,
1008 2644 1162 2725 aquosus

272 2733 374 2810 laxus,
501 2732 647 2809 horrens,
737 2731 843 2794 debile
859 2730 996 2812 pulsans,
1006 2731 1208 2814 dyspnoicus,

271 2819 440 2894 suffocans,
502 2838 627 2892 cacans
736 2828 889 2879 tremens.
1004 2823 1144 2881 Morbus.

87 2909 148 2970 IRA
271 2906 377 2978 virilis,
502 2904 672 2969 cholerica.
736 2902 831 2982 susca,
1005 2903 1213 2984 spirituosa,.

271 2989 388 3069 stridla,
501 2991 637 3063 fervens,
737 2992 816 3053 dure
832 2988 970 3070 pulsans,
1006 2989 1203 3067 asthmatica,

272 3077 416 3152 stertens,
502 3076 698 3143 misturiens,
737 3077 873 3159 agitans.
1005 3081 1172 3140 Medicina.

88 3166 236 3228 MOEROR
272 3163 382 3237 senilis,
501 3163 722 3226 melancholic.
737 3172 815 3227 ater.
1006 3164 1130 3240 aciduS,
1280 3228 1282 3235 ,

272 3251 404 3330 rigiduS,
500 3249 644 3329 srigidus,
737 3250 826 3311 tarde
843 3247 979 3331 pulsans,
1006 3247 1282 3331 orthopnoicis·

271 3334 435 3417 suspirans,
501 3335 675 3416 obstipanS,
736 3335 910 3415 quiescens¹
1006 3340 1104 3398 Mors.

131 3474 185 3537 Sic
205 3477 353 3535 Gnrnlinm
377 3473 471 3534 bonis
494 3473 617 3551 fruitur,
643 3480 743 3536 Metus
766 3473 844 3555 suga
867 3475 970 3555 eripit,
997 3478 1053 3534 Ira
1077 3476 1176 3537 armis
1198 3472 1248 3535 de-

177 3559 288 3631 sendit,
315 3563 439 3620 alsnrrnr
460 3560 569 3621 amissa
593 3561 690 3641 luget.

88 3696 398 3760 IMPERANTIUM
439 3697 544 3759 caussa
589 3698 868 3776 quemadmodum
913 3696 1026 3778 Populi
1070 3717 1140 3760 non
1188 3697 1249 3759 sunt

132 3788 207 3858 nati,
240 3785 291 3846 sed
315 3784 513 3845 subditorum
544 3784 647 3845 ordini
675 3784 829 3845 servando
854 3784 1054 3863 Imperantes
1078 3782 1246 3848 constituti.

132 3874 175 3933 ita
187 3870 427 3951 Vegetabilium
444 3869 549 3931 caussa
564 3869 727 3932 Animalia
743 3869 956 3950 Phytiphaga,
975 3868 1249 3952 phytiphagorum

133 3958 315 4019 Carnivora.
343 3957 371 4017 ἅ
395 3978 435 4016 ex
459 3955 509 4016 his
533 3956 656 4035 Majora
683 3957 726 4017 ob
755 3977 862 4036 parva,
896 3956 1005 4017 Homo
1036 3958 1115 4037 (qua
1137 3956 1249 4019 animal

133 4046 164 4105 in
189 4044 373 4104 ceconomia
397 4046 530 4122 ruiturae)
556 4045 599 4104 ob
623 4043 816 4105 maxima&
839 4043 969 4124 singula.
997 4041 1058 4104 sese
1077 4063 1157 4105 vero
1172 4063 1250 4125 prae-

133 4132 237 4210 cipue,
265 4128 346 4190 saeua
370 4129 518 4189 mercede
542 4128 704 4192 conducta
720 4130 925 4209 tyrannidem
943 4138 1103 4203 exercent,
1129 4139 1165 4192 ut
1181 4131 1249 4192 Pro·

133 4217 239 4295 portio
264 4236 337 4277 cum
361 4216 464 4276 nitore
481 4215 681 4296 Reipubliczu
698 4225 819 4278 naturae
836 4225 1002 4296 perennet.
1033 4214 1179 4278 Vicissim
1196 4216 1248 4278 sin·

133 4302 199 4382 guli
224 4303 309 4362 cives
334 4301 513 4381 conspirant
537 4304 568 4363 in
584 4300 785 4381 Majestatem
801 4302 951 4363 Hominis
967 4301 1131 4364 rationalis
1148 4304 1248 4384 impe-

133 4390 239 4466 rantis,
270 4388 360 4467 cujus
389 4387 433 4448 est
461 4387 619 4450 summum
644 4388 843 4470 Reipublica·
871 4385 1038 4450 auctorem
1067 4388 1245 4470 agnoscere.

1172 4522 1247 4590 RES
